4202 6448
737 368 838 430 Chi

1636 367 1734 428 DE
1777 369 2098 432 JOANNIS
2140 373 2463 436 MALALJE
2495 376 3149 439 CHRONOGRAPHIA

3897 374 4001 438 75;!

740 480 997 543 chorum,
1030 480 1122 549 qui
1150 486 1410 549 perpetua
1452 488 1580 535 ante
1614 483 1864 538 oratione
1884 495 2048 539 totam
2084 485 2319 541 fabulam
2351 500 2397 554 Α
2427 492 2646 545 libitum
2679 491 2863 547 fuerit.
2900 491 3160 546 Clemens
3190 488 3335 543 hanc
3393 487 3631 557 appellat
3669 504 4005 559 στοιχειωτι-

743 570 1094 631 decantabat,
1154 571 1362 639 primus
1390 571 1653 626 diverhiis
1676 583 1729 626 et
1764 576 2019 641 personis
2041 577 2319 633 distinxit.

748 661 854 715 Sed
915 677 1095 730 operte
1146 662 1380 730 pretium
1410 661 1573 716 fuerit
1608 665 1927 719 accuratius
1964 667 2076 720 hac
2137 670 2319 721 omnia

746 762 1002 807 tractare.
1033 757 1105 807 Ac
1132 754 1199 807 de
1228 750 1499 824 TltcSpide
1538 756 1759 823 quidem
1802 758 1980 811 minor
2000 769 2083 814 est
2103 759 2322 814 dubita-

746 845 842 904 tio,
876 843 1005 912 quia
1038 844 1091 895 in
1119 842 1521 913 discipulorum
1593 844 1875 901 cathedris
1929 850 2173 917 quotidie
2214 850 2319 904 ista

746 936 1021 995 iactantur
1053 949 1066 985 :

817 1034 1065 1101 Ignotum
1093 1035 1310 1101 tragica:
1345 1050 1504 1104 genus
1544 1035 1803 1090 invenisse
1833 1036 2099 1090 Camn-nar

819 1107 1052 1168 Dicitur,
1080 1114 1128 1158 et
1146 1105 1404 1173 plaustris
1436 1106 1637 1159 vexisse
1662 1116 1906 1172 poemata
1936 1106 2177 1177 Thespis.

748 1209 1225 1272 Suidasieéam;
1276 1207 1518 1273 ἐδίδαξεν
1573 1209 1666 1261 ἐπὶ
1716 1206 1817 1277 τῆς
1863 1209 2087 1282 πρώτης
2147 1212 2241 1266 καὶ
2280 1214 2321 1278 ξ’

743 1302 1095 1371 ὀλυμπιάδος.
1148 1300 1567 1372 Μνημονεύει-αι
1594 1300 1649 1353 δὲ
1668 1300 1776 1353 τῶν
1801 1302 2098 1372 δραμάτων
2122 1302 2287 1355 αὐτοῦ
2304 1342 2322 1367 ,

741 1394 922 1446 *Λολα
958 1392 1455 1463 Πελίουῆφορϐἀς,
1494 1392 1702 1462 Ἰερεῖς,
1771 1391 1997 1446 Ἠἲθεοι.
2057 1393 2318 1458 Πενθεύς.

744 1486 1003 1539 Pentheus
1037 1486 1216 1539 fabula
1253 1500 1281 1536 a
1318 1482 1540 1538 Polluce
1584 1483 1839 1539 laudatur
1868 1486 1963 1540 lib.
1988 1501 2174 1550 vm,e.
2205 1487 2272 1540 l2
2303 1502 2318 1539 :

743 1580 815 1630 Τὸ
864 1578 1037 1648 δνομα
1092 1576 1391 1647 ἐπενδύτης
1442 1575 1677 1646 ληπτέον
1707 1578 1771 1629 ὲκ
1819 1575 1927 1629 τῶν
1986 1576 2321 1646 Σοφοκλέους

744 1669 1078 1740 Πλυντριῶν,
1118 1669 1362 1731 Πέπλους
1408 1668 1617 1722 τενίσαι
1667 1666 2006 1731 λινοπλυνεῖς
2026 1668 2321 1722 τ’ὲπενδύ-

740 1778 840 1822 τας
869 1780 881 1793 ·
902 1761 995 1812 καὶ
1029 1760 1233 1820 θέσπις
1259 1758 1314 1810 δέ
1349 1758 1452 1811 πού
1479 1776 1645 1829 φησιν
1669 1762 1726 1811 ἐν
1751 1758 1828 1827 τῷ
1860 1757 2073 1811 Πενθεῖο

815 1850 1008 1918 Ἔργῳ
1030 1848 1223 1917 νόμιζε
1247 1849 1528 1917 νευρίὄας
1552 1850 1715 1918 ἔχειν
1742 1849 2103 1917 ἐπενδύτην.

744 1943 819 1995 De
851 1959 962 2011 quo
1022 1958 1181 1995 versu
1229 1956 1353 1995 cum
1413 1942 1546 1995 nihil
1578 1943 1631 1995 in
1666 1944 1955 2011 praesentia
2004 1948 2316 2007 succurrat,

739 2036 885 2106 quod
921 2037 1054 2089 mihi
1090 2034 1420 2097 satisfaciat,
1445 2036 1564 2105 ejus
1608 2035 2051 2091 emendationem
2085 2034 2140 2089 in
2172 2033 2321 2088 aliud

740 2143 956 2199 tempus
1012 2127 1261 2181 differam
1308 2147 1321 2181 :
1367 2125 1737 2197 Sophoclcutn
1790 2128 1946 2181 illum
2012 2128 2134 2183 sine
2202 2143 2318 2180 mo-

740 2236 799 2273 ra
872 2218 1183 2287 expediam.
1252 2216 1440 2288 Neque
1508 2219 1654 2272 enim
1739 2234 1863 2273 cum
1935 2218 2318 2280 Casaubouo,

739 2300 1067 2366 Metu-siuet
1101 2309 1376 2365 Catakero
1422 2311 1663 2363 κτενίσαι
1709 2311 2127 2379 substituerim;
2161 2311 2320 2381 cujus

738 2403 919 2457 media
965 2402 1174 2473 syllaba
1231 2410 1317 2455 est
1364 2402 1597 2456 brevis:
1650 2418 1981 2471 versumque
2059 2402 2319 2457 redderet

742 2510 849 2549 una
887 2494 1093 2564 syllaba
1120 2494 1445 2549 breviorem.
1474 2492 1588 2545 Non
1618 2493 1764 2547 cnint
1788 2494 2058 2548 diiambus
2074 2501 2157 2549 est
2179 2492 2320 2546 λινοο

739 2586 986 2647 πλυνεῖς,
1012 2586 1103 2639 sed
1128 2601 1279 2654 pzcon
1300 2596 1550 2654 quartus.
1576 2583 2034 2654 NequeGatakeri
2058 2585 2317 2638 νεοπλύν-

740 2697 865 2741 τους
902 2676 1014 2749 [i7]
1044 2676 1337 2740 ἐπενδὺτας
1368 2677 1711 2746 probaverim
1738 2694 1751 2740 ',
1782 2691 1906 2729 naut
1939 2675 2098 2730 sedes
2123 2686 2317 2746 quarta

741 2770 1059 2838 spontlarum
1084 2784 1191 2820 non
1221 2767 1499 2831 admittit;
1528 2774 1739 2835 poterat
1774 2767 1940 2836 paulo
1971 2768 2180 2822 rectius
2206 2784 2320 2820 νεο-

739 2859 994 2922 πλύτους.
1060 2857 1163 2911 Sed
1217 2859 1365 2911 aliud
1413 2859 1673 2927 quiddam
1737 2858 2091 2927 ιιι-ςιιιιιιοιὶιιι,
2118 2858 2184 2913 de
2212 2875 2320 2929 quo

742 2955 917 3007 ausim
959 2952 1054 3005 tibi
1092 2951 1794 3005 firmissimeasseverare:

741 3045 1020 3110 Ηέπλους
1051 3032 1111 3097 te
1142 3042 1327 3109 rﬁo'at
1357 3043 1748 3107 λινοπλιινεῖς
1774 3040 1821 3094 τ’
1850 3041 2204 3109 ἐπενδιττας.

742 3137 967 3190 Diversa
1018 3136 1087 3188 ab
1142 3135 1285 3197 illis,
1355 3148 1492 3201 quas
1537 3132 1739 3185 Suidas
1790 3141 2060 3197 recenset,
2136 3132 2317 3187 fabula

743 3232 979 3285 habetur
1026 3231 1080 3283 in
1139 3230 1308 3282 veteri
1360 3242 1636 3283 marmore
1701 3228 2114 3292 Arundclinno;
2174 3227 2320 3297 quod

745 3338 890 3377 nunc
928 3333 1005 3375 cst
1036 3321 1232 3374 ()xonii
1259 3339 1271 3375 :
1306 3320 1394 3372 ΛΦ
1428 3318 1519 3372 ΟΥ
1549 3318 1791 3371 ΘΕΣΠΙΣ
1819 3320 1859 3369 Ο
1907 3318 2212 3374 ΠΟΙΗΤΗΣ
2237 3358 2282 3374 ..
2305 3360 2318 3375 .

743 3416 860 3468 AX!
897 3455 910 3469 .
942 3454 984 3467 ..
1020 3414 1104 3465 os
1141 3411 1475 3465 EAIAAEEN
1502 3411 1588 3462 ΑΛ
1620 3450 1632 3463 .
1662 3450 1675 3463 .
1709 3409 1907 3462 ,ΣτιΝ
1939 3408 2143 3479 Supple
2199 3412 2321 3464 ΑΛ-

746 3505 1032 3567 ΚίΙΣΤὲΝ,
1066 3505 1329 3574 ἄλκηστιν
1358 3517 1370 3531 ·
1404 3518 1512 3557 ιιοιι
1560 3502 1835 3565 ἀλκέστιν,
1874 3511 1931 3556 ιιι
1955 3504 2142 3558 minus
2175 3513 2323 3559 recte

742 3599 1000 3650 t-ililul‘cs.
1028 3598 1206 3650 Locus
1257 3604 1343 3650 est
1410 3595 1643 3649 illustris
1704 3594 1847 3663 apud
1902 3594 2238 3649 Clementem
2266 3596 2320 3650 in

744 3687 1117 3758 Στρωματέων
1166 3688 1395 3757 quinto,
1449 3702 1612 3755 quem
1662 3684 1815 3740 nefas
1875 3684 2097 3755 quidem
2156 3685 2322 3741 fuerit

745 3781 966 3834 silentio
1017 3779 1453 3849 prtrtcrmittere.
1512 3778 1713 3840 Θέσπις
1759 3776 1943 3847 μέντοι
1985 3778 2014 3829 ὁ
2061 3778 2322 3849 τραγικὸς

740 3874 829 3927 διὰ
859 3874 1064 3926 τούτων
1095 3871 1221 3926 ἄλλο
1249 3889 1300 3924 τι
1324 3869 1684 3941 σημαίνεσοαί
1729 3886 1893 3940 φησιν
1918 3864 2022 3927 ὧδέ
2044 3886 2160 3934 πως
2185 3870 2322 3942 γράω

744 3981 880 4034 φων·

852 4076 904 4129 'l
913 4077 978 4130 δε
1005 4091 1103 4130 σοι
1135 4074 1378 4128 σπένδω
1404 4074 1653 4139 xiv-(16ml
1683 4076 1748 4128 τὸ
1764 4073 1992 4128 λευκὸν

861 4148 1002 4200 Ἀπὸ
1036 4147 1389 4213 θηλαμόνων
1415 4145 1637 4211 θλίψεις
1667 4143 1935 4197 κνακῶν·

853 4217 979 4270 Ἴδε
1007 4232 1103 4269 σοι
1136 4217 1409 4283 χθύπτην
1436 4213 1825 4283 τυρὸνίμίξας

859 4282 1360 4354 Ἐρυθρῴίιιένιιτι,
1397 4282 1686 4354 κᾳτὰῌτῶν
1723 4283 1872 4354 σῶν,
1901 4284 2029 4337 Πὰν

847 4351 1121 4421 Δικέρως,
1153 4356 1379 4421 τίθεμαι
1406 4351 1625 4419 ,Βωμῶν
1647 4353 1850 4420 ἁγίων.

851 4425 974 4478 Ἴδε
994 4440 1094 4477 σοι
1113 4425 1370 4492 Βρομίου
1401 4422 1621 4476 αἴθοπα
1641 4423 1912 4492 φλεγμὸι·

846 4496 1051 4549 Asiae.

744 4607 868 4661 llzcc
924 4614 1113 4660 narrat
1166 4606 1418 4659 Clemens
1461 4619 1523 4659 ex
1572 4604 1974 4676 Thespidezev
2008 4606 2134 4661 aliis
2185 4607 2314 4671 alia,

743 4718 863 4771 qua:
911 4700 976 4754 ad
1033 4700 1281 4754 eamdem
1336 4714 1447 4752 rem
1516 4708 1784 4769 spectant.
1846 4698 2174 4754 Persuasum
2235 4708 2319 4753 est

742 4796 1006 4849 hactenus
1072 4793 1208 4846 viris
1262 4793 1541 4853 eruditis.
1596 4807 1848 4863 magnam
1909 4792 2225 4862 symbolice
2265 4799 2319 4843 et

738 4886 1097 4957 arnigmatica:
1125 4892 1367 4938 veterum
1400 4883 1685 4951 theologia:
1706 4883 1814 4935 vim
1840 4881 1897 4935 in
1926 4879 2178 4936 barbaris
2209 4881 2318 4935 illis

740 4978 1025 5032 vocabulis
1056 4975 1347 5029 contineri.
1378 4974 1509 5029 liem
1540 4975 1704 5043 igitur
1747 4973 1887 5027 haud
1931 4972 2195 5041 ingratam
2241 4971 2319 5025 fa-

739 5079 957 5122 cturum
992 5083 1075 5122 me
1104 5082 1285 5136 spero,
1307 5068 1353 5120 si
1385 5066 1664 5135 refregero
1713 5067 1826 5120 haec
1844 5065 2108 5128 claustra,
2138 5079 2258 5133 qua:
2287 5078 2316 5116 a

739 5163 933 5218 multis
975 5162 1193 5215 smculis
1241 5174 1461 5213 omnem
1488 5158 1552 5211 ad
1587 5158 1701 5212 luce
1740 5172 1897 5212 sacra
1941 5155 2147 5209 aditum
2181 5170 2321 5225 prae-

741 5257 1046 5310 cluserunt.
1074 5252 1230 5319 Quod
1266 5260 1447 5305 autem
1489 5249 1773 5305 Herculem
1856 5249 2037 5304 ferunt
2093 5248 2316 5315 dixisse,

740 5363 863 5399 cum
898 5347 952 5400 in
988 5346 1216 5401 delubro
1263 5343 1501 5415 quodam
1554 5341 1934 5412 conspexisset
1958 5340 2317 5395 simulacrum

738 5436 1027 5498 Adonidis,
1060 5436 1223 5487 Οὐδὲν
1257 5434 1401 5505 ἱερὸν
1426 5434 1715 5505 ὑπάρχειν·
1749 5431 1892 5486 ident
1920 5431 2053 5485 mihi
2081 5430 2193 5499 jam
2215 5446 2315 5485 usu

739 5529 907 5592 venit,
970 5528 1073 5581 hoc
1121 5526 1285 5597 adyto
1323 5526 1562 5580 recluso.
1592 5524 1855 5579 Videlicet
1885 5531 2004 5576 erat
2031 5523 2160 5576 olim
2184 5522 2316 5575 ridi-

738 5621 861 5675 cula
906 5629 960 5674 et
1004 5622 1232 5691 puerilis
1283 5619 1471 5682 ratio;
1524 5626 1583 5671 ut
1616 5634 1680 5672 ex
1727 5626 1965 5686 quatuor
2022 5624 2076 5669 et
2124 5616 2315 5685 viginti

740 5713 963 5773 litteris,
1028 5713 1196 5767 semel
1244 5711 1517 5765 duntaxat
1558 5710 1753 5779 positis
1791 5708 2314 5777 singulis,barbara

736 5804 985 5875 quadam
1015 5813 1068 5861 et
1098 5804 1330 5860 infacete
1362 5802 1525 5859 verba
1547 5801 1899 5869 conficerent,
1925 5809 2089 5873 prout
2115 5801 2311 5871 cuique

2424 585 2527 655 κῆν
2549 584 2658 636 τῶν
2680 583 2886 636 παίδων
2908 581 3279 635 διδασκαλίαν.
3314 580 3505 634 Postea
3536 583 3859 634 certandum
3886 591 4001 632 erat

2424 674 2668 741 ingenio,
2710 681 2766 725 ut
2789 672 3119 726 sententiam
3156 672 3389 724 istorum
3420 669 3716 724 verborum
3755 668 3999 737 aliquam

2423 766 2686 821 omnibus
2729 764 2979 833 vestigiis
3036 762 3400 832 intlagarent;
3441 775 3548 814 non
3597 774 3717 814 eam
3778 760 4000 827 quidem

2422 857 2648 909 omnino
2674 856 2909 909 alienam
2938 865 2989 908 et
3012 853 3298 916 absonam,
3363 850 3459 906 sed
3487 865 3516 902 a
3563 850 3895 920 propinquo,
3956 852 4002 903 si

2427 949 2540 1003 ﬁeri
2595 947 2791 1017 potuit,
2822 958 2874 1001 et
2917 944 3198 1001 verisimili
3228 942 3473 1014 petitam.
3499 940 3629 995 Tria
3655 939 3772 1013 [48]
3797 940 4005 1010 profert

2423 1040 2676 1095 Clemens
2710 1038 2960 1107 exempla
3016 1051 3207 1090 eorum
3272 1034 3659 1105 ὐπογραμμῶν
3710 1032 4001 1094 παιδικῶν,

2426 1142 2659 1196 quorum
2696 1141 2863 1179 unum
2898 1126 3003 1178 hoc
3036 1135 3125 1180 est
3162 1142 3176 1178 :

2563 1214 2827 1283 Ma'prrte,
2865 1214 3053 1283 σφίγξ
3059 1255 3072 1280 ,
3100 1213 3293 1283 κλὼψ,
3317 1212 3673 1283 ζὸυχθηδόν.

2424 1306 2501 1359 Ita
2538 1307 2707 1361 scribi
2746 1315 2998 1375 oportere
3028 1321 3117 1359 res
3158 1306 3275 1373 ipsa
3303 1305 3542 1371 eiamat;
3575 1320 3685 1358 non
3721 1314 3779 1357 ιιι
3805 1304 3859 1358 in
3888 1307 4004 1359 edi—

2424 1402 2517 1461 tis,
2551 1398 2797 1467 μάρπτες
2826 1404 2880 1451 et
2921 1396 3238 1466 ζυνχθηδόν.
3275 1396 3559 1451 Calculum
3587 1396 3699 1464 jam
3732 1411 3896 1465 pone,
3951 1408 4005 1449 et

2422 1501 2612 1541 onmes
2640 1486 2863 1539 omnino
2898 1486 3110 1539 litteras
3140 1483 3353 1548 Cadmi,
3385 1484 3719 1547 Palamedis,
3757 1485 4003 1539 Simoni-

2422 1577 2531 1640 dis,
2562 1577 2615 1630 iu
2648 1585 2889 1645 quatuor
2933 1576 3057 1632 istis
3091 1576 3376 1631 vocabulis
3413 1576 3684 1631 invenies.
3733 1576 3881 1631 Ecce
3910 1577 4005 1630 tibi

2422 1668 2722 1723 secundum
2759 1684 2770 1719 :

2562 1760 2737 1824 Βέδυ,
2769 1761 2948 1831 (dﬁcit,
2975 1759 3115 1830 χθὼ,
3154 1759 3483 1830 πλῆκτρον,
3522 1760 3731 1831 σφίγξ.

2350 1844 2390 1900 Β
2422 1850 2500 1906 fta
2522 1852 2829 1922 legendum,
2856 1868 2964 1906 non
3001 1862 3061 1906 ut
3095 1854 3149 1906 in
3182 1853 3438 1923 vulgatis,
3466 1853 3575 1921 ζὰψ
3604 1860 3657 1907 et
3685 1852 3851 1923 χθών·
3880 1870 4003 1907 nam

2422 1955 2486 1993 eo
2521 1951 2678 2008 pacto
2714 1949 2767 1995 et
2821 1958 2860 2010 μ
2894 1942 3078 1995 littera
3131 1940 3373 2009 deesset,
3406 1951 3464 1997 et
3502 1960 3529 1995 ν
3568 1945 3652 1998 bis
3681 1954 4002 2013 poneretur.

2423 2029 2628 2082 Tamen
2663 2039 2724 2082 ut
2770 2030 3001 2100 Λάμϐδα
3042 2030 3234 2093 λάϐδα,
3268 2034 3351 2086 sic
3383 2033 3516 2087 illud
3552 2034 3716 2105 Ζάμψ
3746 2046 4007 2091 auctores

2421 2120 2595 2175 Graeci
2628 2122 2737 2192 ζὰψ
2767 2125 3059 2194 scripsisse
3083 2136 3136 2179 et
3165 2128 3559 2194 pronuntiasse
3602 2128 3887 2183 videntur.
3912 2129 4006 2183 Sic

2421 2214 2573 2284 κάψα
2610 2215 2804 2270 dicunt
2827 2225 2880 2271 et
2903 2216 3116 2288 κάμψαο
3150 2218 3233 2272 sic
3252 2217 3485 2288 λήψεται
3510 2220 3563 2273 in
3597 2221 4007 2289 antiquissimis

2423 2322 2555 2361 mss.
2590 2306 2885 2377 λήμψεται,
2917 2318 2969 2362 et
3016 2309 3186 2365 multa
3226 2310 3448 2366 similia.
3485 2309 3730 2367 Tertium
3760 2312 4008 2384 denique

2420 2407 2508 2454 est
2538 2400 2673 2453 illud
2702 2399 2998 2472 Thcspidis
3033 2422 3046 2456 ε

2561 2492 2833 2558 Κιάξζόὶ,
2872 2494 3163 2563 χοὺπτης,
3186 2496 3451 2566 solantia,
3472 2494 3651 2565 δριῖψ.

2423 2580 2559 2637 Male
2604 2585 2747 2653 apud
2779 2584 3116 2640 Clementem
3143 2594 3227 2641 est
3251 2589 3483 2654 editum,
3518 2588 3781 2659 φλεγμδς,
3826 2589 4005 2659 δρὼᾲ·

2422 2683 2481 2727 ιιι
2512 2673 2721 2742 liquido
2735 2675 3034 2739 constabit,
3065 2676 3111 2730 si
3134 2675 3323 2747 digitis
3346 2679 4009 2748 computanslitterarum

2422 2779 2712 2818 numerum
2737 2763 2874 2818 velis
2903 2764 3060 2818 inire.
3081 2764 3255 2830 Quam
3285 2765 3512 2821 mirifice
3535 2777 3716 2822 autem
3748 2767 4011 2824 Clemens

2423 2855 2540 2911 haec
2561 2858 2768 2922 omnia,
2790 2858 3150 2926 quantumvis
3180 2860 3365 2928 inepta
3394 2867 3447 2913 et
3467 2858 3701 2923 ludicra,
3729 2860 4013 2929 interpre-

2420 2956 2607 3012 tctur;
2639 2949 2824 3001 malim
2854 2963 2920 3002 ex
2956 2948 3077 3019 ipso
3111 2963 3277 3019 quam
3334 2965 3401 3003 ex
3448 2965 3536 3004 me
3579 2952 3794 3007 audias.
3831 2953 4010 3007 Aliter

2424 3042 2588 3110 paulo
2625 3041 2740 3095 hate
2773 3042 2965 3096 ultima
2998 3041 3068 3096 ab
3116 3040 3393 3113 Hesychio
3423 3043 3817 3113 proferuntur;
3880 3062 4011 3099 nam

2372 3185 2389 3206 ‘
2425 3146 2523 3199 pro
2577 3130 2808 3196 κναξζόὶ
2855 3131 3125 3203 χθύπτης,
3174 3132 3313 3197 κνὰξ
3349 3133 3513 3188 habet
3552 3141 3606 3188 et
3657 3132 3780 3204 ζεὶχ
3819 3147 3875 3189 et
3911 3136 4013 3189 0'3-

2426 3238 2586 3292 πτης.
2622 3220 2771 3288 Κνάξ
2799 3233 2981 3277 autem
3029 3224 3428 3292 interpretatur
3456 3224 3593 3292 γαλά
3621 3224 3834 3289 λευκὸν,
3875 3227 4014 3297 κοιλ

2418 3310 2523 3378 (ita
2586 3310 2724 3378 lege,
2786 3326 2895 3363 non
2957 3310 3143 3380 ζαὸὶχ)
3205 3311 3417 3377 λευκὸν,
3458 3320 3512 3367 et
3573 3314 3779 3384 θύπτης
3832 3318 3862 3368 ὁ
3913 3334 4015 3369 τυ-

2425 3398 2540 3469 ρός.
2588 3398 2768 3468 Atque
2802 3399 2966 3469 hujus
3000 3403 3341 3457 auctoritate
3381 3404 3645 3461 inductus
3693 3406 4015 3463 Salmasius

2422 3489 2587 3542 verba
2628 3487 2923 3558 Thespidis
2952 3490 3018 3543 ad
3047 3491 3192 3544 hunc
3222 3491 3441 3545 modum
3474 3494 3767 3551 immutare
3788 3496 3973 3551 voluit
3998 3514 4015 3551 :

2567 3582 2672 3635 Ἴδε
2702 3600 2784 3636 σοι
2816 3583 3027 3636 σπένδω
3046 3584 3181 3649 κνάξ
3204 3584 3327 3655 ζσιχ
3356 3585 3570 3651 λευκόν,

2422 3683 2523 3729 et:

2572 3764 2677 3818 Ἴδε
2704 3782 2784 3818 σοι
2820 3765 3030 3834 ούπτην
3055 3765 3218 3835 τυρὸν
3245 3764 3426 3835 μίξας.

2424 3853 2529 3910 Sed
2560 3854 2805 3924 profecto
2836 3871 2942 3909 non
2969 3870 3032 3910 ea
3066 3864 3151 3911 est
3178 3855 3434 3926 llesychit
3468 3855 4019 3929 auctoritasmeqno

2421 3946 2546 4015 plus
2578 3946 2741 3999 habet
2773 3947 3059 4012 momenti,
3089 3963 3252 4015 quam
3286 3948 3592 4002 Clementis
3619 3957 3673 4002 et
3707 3947 4015 4021 Porphyrii

2424 4040 2703 4092 hominum
2742 4040 2930 4094 multis
2959 4040 3204 4109 partibus
3234 4040 3329 4093 illo
3357 4040 3685 4094 doctiorum.
3706 4038 3830 4095 Non
3855 4044 4014 4097 enim

2421 4130 2632 4186 librarii
2664 4131 2825 4200 culpa
2863 4139 2947 4185 est
2981 4130 3124 4200 apud
3150 4130 3487 4186 Clementem
3521 4150 3533 4185 :
3568 4147 3747 4201 neque
3777 4133 3894 4187 ulla
3932 4140 4018 4189 si-

2420 4221 2677 4276 militudo
2707 4222 2821 4275 veri
2875 4233 2958 4276 est
3008 4239 3041 4290 χ
3096 4221 3333 4277 litteram
3366 4238 3394 4276 a
3432 4223 3599 4277 verbo
3629 4222 3864 4287 κναξζσὶ
3892 4226 4017 4279 for-

2424 4314 2564 4367 tuito
2619 4312 2953 4383 disjunctam
3026 4313 3243 4375 fuisse,
3299 4322 3354 4370 et
3415 4317 3579 4369 tertio
3641 4324 3770 4385 post
3838 4331 4015 4371 versu

2421 4404 2741 4471 repositam.
2827 4404 3116 4474 Porphyrii
3191 4414 3375 4459 autem
3450 4406 3554 4461 hoc
3622 4407 4015 4476 ἀποσπασμά-

2419 4512 2532 4548 τιον
2555 4502 2641 4549 est
2672 4510 2736 4549 ex
2799 4496 2939 4550 libro
2976 4512 3111 4552 mss.
3138 4496 3355 4551 Oxonii.

2723 4606 2840 4680 [49]
2876 4609 3263 4663 ηυΡψιῬιογ
3288 4611 3689 4666 φιΑοΣοφογ.

2457 4722 2589 4791 Περὶ
2621 4721 2716 4774 τοῦ
2753 4722 3016 4790 Κναξζσὶ,
3049 4722 3315 4807 χθύπτης,
3341 4723 3588 4796 φλεγμὼ,
3622 4725 3757 4797 δρὺψ
3794 4729 3983 4801 cpt",

3134 4810 3271 4847 νεια.

2420 4883 2509 4935 Ἐν
2537 4883 2760 4951 Δελφοῖς
2792 4884 2870 4946 εἰς
2895 4884 2985 4936 τὸν
3015 4884 3143 4937 ναὸν
3173 4886 3577 4956 ἐπιγέγραπται
3604 4890 3809 4958 τράγος
3858 4892 4023 4960 εχει-ιε

2419 4978 2511 5029 ἐπὶ
2542 4976 2785 5044 δελφῖνος
2808 4977 3175 5048 ἐπικείμενος.
3202 4979 3353 5043 Κνὰξ
3384 4980 3484 5049 μὲν
3515 4982 3619 5052 γάρ
3642 4985 3792 5035 ἐστιν
3824 4988 3853 5037 ὀ
3872 4990 4022 5056 τρά-

2418 5086 2511 5138 γος
2559 5070 2699 5123 κατά
2752 5071 3036 5141 ἀποκοπὴν
3065 5072 3174 5124 τῶν
3222 5076 3503 5144 στοιχείων
3554 5077 3646 5128 τοῦ
3697 5096 3812 5140 κως
3866 5081 4024 5151 (iege

2420 5159 2550 5228 κων)
2590 5162 2684 5213 καὶ
2730 5160 2891 5214 πάλιν
2932 5160 3223 5232 ἀφαίρεσιν
3262 5163 3394 5233 (imo
3444 5165 3761 5233 πρόσθεσιν)
3805 5167 3911 5220 τοῦ
3967 5170 4021 5233 ξ’

2420 5253 2620 5306 κνάκον
2651 5254 2757 5326 γὰρ
2788 5254 3055 5321 καλεῖται,
3085 5256 3161 5319 ὡς
3188 5257 3283 5310 καὶ
3310 5256 3599 5327 Θεόκριτος
3625 5260 3683 5311 ἐν
3717 5258 4024 5329 βουκὸλοις

2417 5344 2584 5411 λέγει·
2614 5340 2723 5398 οἷον
2746 5346 2945 5415 τράγος
2979 5346 3071 5399 καὶ
3104 5346 3275 5417 ἰχθὺς,
3304 5350 3333 5400 ὁ
3372 5348 3471 5417 μὲν
3505 5349 3863 5419 φλεγόμενος,
3904 5354 3937 5404 ὀ
3963 5354 4023 5405 δὲ

2418 5437 2550 5508 δρδψ
2580 5437 2729 5505 ὄψον.
2788 5438 2950 5504 Λέγει
2984 5437 3039 5490 δὲ
3071 5440 3152 5492 ὅτι
3185 5443 3212 5491 ὁ
3238 5440 3439 5510 τράγος
3487 5442 3824 5509 φλεγόμενός
3885 5447 4025 5497 ἐστι

2421 5528 2653 5579 πάντοτε
2690 5527 2795 5579 ὑπὸ
2824 5526 3074 5595 λαγνίας,
3108 5528 3189 5581 ὅτι
3215 5528 3309 5582 ἐάν
3360 5546 3444 5592 τις
3476 5529 3572 5593 τὰς
3624 5532 3778 5600 ῥῖνας
3831 5534 4021 5585 animi

2420 5614 2779 5683 ἀποεςιαλίσει
2840 5617 2965 5687 (leg.
3023 5617 3421 5692 ἀπασφαλίσῃ),
3467 5620 3552 5673 διὰ
3591 5620 3701 5671 τιίν
3749 5626 4025 5690 uagitu...

2419 5709 2666 5761 ἀναπνεῖ.
2722 5706 2873 5777 Ἔχει
2929 5707 2983 5761 δὲ
3044 5709 3137 5763 καὶ
3184 5709 3378 5780 ἑτέραν
3440 5713 3741 5781 ἑρμηνείαν
3803 5713 4023 5774 eius);

2420 5802 2491 5857 Τὸ
2525 5797 2749 5863 att/15:61
2786 5799 2926 5867 γάλα
2968 5802 3136 5867 ἐστὶν,
3169 5801 3230 5855 τὸ
3265 5800 3319 5853 δὲ
3358 5801 3603 5872 χθὺπτης
3647 5804 3827 5877 τιρῖς,
3868 5804 4021 5870 Ξρὶᾲ
