4202 6448
154 378 258 441 753

157 591 320 661 lupa.
338 592 394 644 δὲ
415 594 646 647 πλεῖστα
666 594 893 648 τοιαῦτα
920 596 1009 649 διὰ
1030 595 1139 648 τῶν
1160 596 1236 649 κδ’
1257 597 1537 666 στοιχείων
1561 595 1739 667 ἀπαρ-

155 681 368 745 τίζοντα
402 682 530 736 ἴδιον
565 686 766 738 σκοπὸν
801 685 1058 756 εὕρομεν,
1079 681 1213 740 οἷοψ
1239 686 1391 749 Βέδυ,
1434 686 1566 755 ξάψ,
1597 686 1736 755 χθὼ,

158 770 456 841 πλῆκτρον,
496 776 683 842 σφὶγξ,
725 776 753 828 ὃ
784 778 930 829 ἐστιν
959 775 1153 839 οὕτως·
1190 777 1324 830 Βέδυ
1348 779 1497 830 ἐστὶν
1525 779 1559 847 ἡ
1596 776 1738 846 ὑγρὰ

160 862 335 925 οὐσία,
361 863 469 931 (dub
490 867 523 933 ἠ
554 865 811 935 πυρώδης
843 866 1022 929 οὐσία,
1053 866 1167 936 χθὼ
1191 870 1224 937 ἡ
1254 870 1347 938 γῆ,
1381 866 1656 935 πλῆκτρον
1683 866 1741 919 δὲ

158 956 187 1006 ὁ
216 954 348 1022 ἀὴρ,
382 955 547 1023 σφὶγξ
584 958 615 1023 ὴ
651 957 853 1010 τούτων
882 959 1033 1026 φιλία
1075 960 1163 1012 διὰ
1207 961 1269 1011 τὸ
1325 958 1738 1027 συνεσφίγχθαι.

163 1045 407 1108 Κλώδιος
431 1047 487 1099 δὲ
521 1052 549 1099 ό
579 1047 921 1117 Νεαπολίτης
951 1049 1127 1113 οὕτως
1172 1051 1487 1121 ἡρμήνευσε
1514 1050 1573 1101 τὸ
1606 1064 1743 1116 προ-

164 1136 432 1205 κείμενον·
467 1140 595 1207 ἀὴρ,
630 1138 898 1203 θάλασσα,
927 1142 1023 1209 γῆ,
1055 1139 1228 1211 ἣλιος.
1268 1140 1377 1193 Καὶ
1405 1140 1579 1208 ἕτεροί
1600 1156 1744 1200 τινες

165 1226 448 1297 φιλόσοφοί
482 1247 539 1281 τε
580 1230 675 1285 καὶ
712 1233 930 1291 ποιηταὶ
960 1231 1148 1285 τοῦτον
1190 1232 1281 1285 τὸν
1316 1232 1515 1285 σκοπὸν
1563 1231 1744 1302 ἡρμή-

168 1334 222 1368 νε
231 1335 385 1371 υσαν.

245 1408 363 1461 Non
407 1410 568 1477 longe
617 1426 645 1463 a
684 1412 952 1480 principio
984 1413 1064 1466 sic
1106 1412 1287 1467 scribe
1321 1430 1333 1464 :
1366 1412 1597 1464 Κνὰκων
1637 1412 1745 1483 γὰρ

171 1501 437 1564 καλεῖται,
485 1502 557 1564 ὼς
598 1506 626 1555 ὁ
658 1503 948 1573 θεόκριτος
974 1505 1034 1557 ὲν
1060 1504 1405 1566 Βουκολικοίς
1442 1503 1611 1570 λέγει.
1639 1500 1747 1555 Lo-

171 1612 270 1651 cus
301 1606 383 1650 est
420 1595 617 1667 ldyllio
651 1598 814 1652 tertio
849 1614 862 1649 :

250 1750 261 1761 .
344 1748 357 1763 .
439 1752 452 1764 .
532 1750 547 1765 .
627 1750 701 1765 ..
784 1756 796 1769 .
876 1751 892 1767 .
970 1751 985 1767 .
1064 1752 1077 1766 .
1160 1751 1175 1766 .
1251 1690 1750 1778 xaltbrér-dpzar

180 1782 292 1832 Τόν
312 1781 573 1833 Λιϐυκὸν
597 1782 873 1835 κνάκωνα
895 1782 1237 1850 φυλάσσεο,
1263 1780 1347 1849 μὴ
1381 1782 1451 1835 τὺ
1488 1782 1745 1851 κορύψῃ.

177 1871 310 1923 Illud
364 1880 544 1924 autem
586 1873 746 1926 nimis
792 1848 1047 1926 lestivum
1098 1881 1208 1938 est,
1253 1848 1400 1941 quod
1462 1848 1749 1939 aliquanto
1782 1848 1821 1904 Β

177 1969 303 2029 post
354 1964 651 2031 sequitur:
693 1963 902 2032 Capras
954 1964 1191 2028 scilicet,
1235 1966 1280 2018 si
1316 1965 1442 2034 quis
1489 1965 1558 2019 iis
1592 1979 1751 2019 nares

177 2054 419 2115 oluuret,
452 2056 717 2110 cornibus
741 2056 978 2125 spirare.
1007 2054 1114 2110 Sed
1148 2071 1245 2125 pro
1274 2056 1526 2126 κεράτων
1558 2056 1751 2110 certis-

180 2143 319 2197 sime
352 2144 754 2199 emendandum
786 2155 872 2200 est
902 2146 1110 2199 οὑάτων
1134 2147 1217 2200 vel
1254 2144 1428 2199 ὢτων.
1464 2144 1655 2204 Varro,
1683 2146 1755 2198 De

183 2252 241 2289 re
270 2237 507 2289 rustica:
537 2236 610 2289 De
638 2238 824 2307 quibus
850 2238 1227 2291 admirandum
1246 2238 1404 2300 illud,
1436 2240 1574 2307 quod
1594 2238 1756 2290 etiam

183 2326 482 2380 Archelaus
516 2328 730 2391 scribit;
765 2343 953 2395 capras
989 2346 1114 2392 non,
1148 2338 1204 2381 ut
1237 2329 1443 2397 reliqua
1472 2328 1755 2390 animalia,

184 2416 433 2477 naribus,
464 2419 553 2471 sed
605 2418 825 2472 auribus
857 2419 1103 2486 spiritum
1139 2420 1330 2472 ducere
1360 2420 1547 2472 solere.
1615 2417 1756 2471 Idem

186 2520 421 2561 narrant
451 2508 659 2564 Plinius
693 2518 750 2564 et
792 2508 1064 2565 A'Ilianus.
1096 2508 1322 2564 Clodius
1356 2511 1461 2565 iste
1502 2510 1758 2577 Neapoli--

188 2606 353 2653 tanus
389 2600 586 2654 librum
634 2604 941 2669 composuit
981 2602 1245 2655 adversus
1287 2617 1383 2656 eos
1440 2603 1534 2671 qui
1597 2618 1762 2656 carne

189 2690 565 2754 abstinerent;
620 2700 680 2745 ut
725 2693 885 2746 testis
944 2700 1030 2747 est
1083 2694 1203 2762 ipse
1259 2692 1593 2763 Porphyrius
1630 2695 1764 2765 Περὶ

188 2782 402 2851 ἀποχῆς
431 2782 719 2853 ἐμψύχωνς
759 2800 938 2851 neque
960 2785 1105 2840 alius
1141 2786 1434 2856 quisquam
1468 2786 1615 2841 illius
1649 2804 1764 2839 me-

190 2876 379 2935 minit,
414 2875 558 2943 quod
591 2877 788 2931 sciam.
824 2876 1010 2931 Fidem
1047 2878 1097 2931 id
1130 2877 1282 2941 facit,
1318 2879 1542 2932 minime
1572 2878 1765 2947 ψευδε-

191 2965 449 3035 πίγραφα
497 2966 610 3021 hzec
660 2982 809 3034 esse,
868 2967 963 3023 sed
1010 2984 1076 3023 ex
1120 2969 1426 3040 Porphyrio
1461 2970 1601 3024 bona
1662 2969 1768 3025 ﬁde

191 3065 474 3125 excerpta.

1241 384 1603 448 EPISTOLA
1634 386 1837 447 RICH.
1868 390 2251 454 BENTLEII.
2301 464 2308 471 ι

154 501 210 552 δὲ
235 499 538 571 ἄνθρωπος·
558 501 774 573 δρῶπες
799 504 909 576 γὰρ
937 505 987 556 οἱ
1019 504 1297 576 ἄνθρωποι
1325 506 1598 574 λέγονται.
1622 506 1732 560 Καὶ

1854 509 1899 562 'ii
1934 518 1988 564 et
2034 510 2264 580 Menagii

3310 387 3416 452 7M

2308 530 2321 566 :
2379 528 2503 582 qua:
2562 512 2606 567 si
2652 526 2779 568 vera
2829 519 2915 567 est
2970 509 3266 569 sententia.
3303 525 3416 561 non

1839 617 1977 668 opus
2025 612 2109 658 est
2142 614 2198 658 ut
2222 607 2392 659 multa
2424 604 2695 660 dicamus.
2728 603 2929 658 Statim
2963 604 3108 659 enim
3136 598 3419 656 constabit

1842 690 2022 747 Ionem
2066 692 2331 767 A‘lschylo
2372 695 2545 749 fuisse
2578 703 2706 747 natu
2729 696 3019 747 minorem.
3062 694 3278 762 Quippe
3312 690 3415 745 So-

1839 795 2021 838 crates
2062 794 2223 841 natus
2264 786 2481 856 Olymp.
2511 802 2689 840 Lxxvu
2746 801 2893 839 anno
2927 801 3002 849 tv,
3034 782 3418 837 tantummodo

1841 892 1939 929 xm
1971 878 2149 931 aetatis
2198 894 2400 931 annum
2450 879 2666 948 agebat,
2712 892 2839 929 cum
2878 874 3179 946 :Esehylus
3210 889 3271 927 ex
3305 876 3416 926 vita

1840 969 2099 1032 excessit,
2125 970 2376 1024 videlicet
2406 969 2619 1041 Olymp.
2643 984 2813 1023 um
2866 984 2957 1021 an.
2983 982 3022 1030 I,
3055 967 3226 1021 Callia
3252 966 3419 1021 Athe-

1844 1059 1930 1113 nis
1952 1060 2234 1115 archonte.
2279 1060 2385 1115 Sed
2422 1064 2486 1115 de
2527 1060 2770 1130 Ephesio
2798 1061 2905 1113 isto
2940 1065 3184 1128 pugnant
3221 1058 3422 1109 adver»

1844 1165 1942 1204 sus
1975 1150 2276 1220 Cyraldum
2317 1161 2369 1205 et
2401 1151 2743 1220 Scaligernm
2771 1150 3134 1203 eruditissimi
3194 1149 3419 1217 quidem
3467 1172 3473 1180 ’

1846 1242 2095 1297 homines
2129 1242 2238 1295 Leo
2261 1242 2495 1298 Allatius
2522 1251 2577 1297 et
2598 1241 2837 1297 Joannes
2868 1240 3131 1295 Jonsius:
3171 1241 3263 1293 ille.
3294 1255 3427 1292 con-

1846 1336 2087 1394 tumeliis
2125 1334 2317 1397 fretus,
2353 1344 2407 1390 et
2453 1352 2519 1390 eo
2570 1334 2717 1403 quod
2760 1335 2912 1387 nullo
2944 1342 3172 1387 auctore
3214 1332 3425 1401 prinms

1848 1424 1898 1475 id
1930 1423 2131 1475 dixerit
2163 1421 2456 1492 Gyraldus,
2498 1423 2753 1492 quodque
2793 1422 3067 1490 Ephesius
3109 1419 3423 1488 rhapsodus

1849 1514 2032 1575 fuerit,
2072 1530 2180 1566 non
2213 1514 2493 1583 tragicus;
2538 1513 2623 1570 hic
2654 1524 2833 1566 autem
2886 1512 3162 1566 acerrimo
3194 1512 3301 1565 telo
3331 1526 3425 1563 ar-

1848 1616 2051 1665 matus,
2109 1606 2236 1673 quia
2296 1606 2439 1658 ratio
2478 1613 2792 1673 temporum
2840 1604 3108 1656 reclamat
3160 1603 3426 1654 :sl-ilicet

1848 1696 2029 1748 Ionem
2060 1695 2255 1759 Chium
2289 1692 2499 1763 Olymp.
2533 1710 2681 1747 Lxxu
2717 1692 3015 1763 tragoedias
3043 1691 3297 1746 docuisse
3320 1705 3428 1743 nou

1851 1790 2034 1839 minus
2080 1801 2255 1840 anites
2293 1785 2483 1853 viginti
2523 1785 2841 1853 priusquam
2870 1782 3135 1837 Socrates
3168 1796 3429 1835 nascere—

1853 1886 1963 1939 tur,
1997 1873 2210 1945 Olymp.
2249 1876 2472 1928 demmn
2517 1889 2718 1938 Lxxrtt,
2754 1889 2827 1926 tv.
2862 1871 2991 1925 Mihi
3026 1871 3250 1941 quidem
3282 1870 3430 1923 idem

1852 1976 1936 2021 est
1967 1968 2203 2032 animus,
2238 1983 2345 2019 non
2378 1982 2546 2020 unum
2581 1974 2633 2017 ct
2661 1963 2913 2019 eumdem
2942 1962 3112 2019 fuisse
3146 1962 3343 2016 Chium
3376 1971 3430 2014 υι

1854 2059 2175 2128 Ephesium;
2228 2058 2398 2112 Chius
2436 2058 2582 2111 enim
2630 2064 2683 2109 et
2722 2070 2921 2125 genere
2968 2062 3024 2109 et
3069 2053 3268 2123 opibus
3326 2051 3432 2105 fuit

1854 2155 2070 2205 clarus:
2110 2153 2203 2220 qui
2239 2165 2363 2204 cum
2402 2148 2629 2202 Athenis
2679 2145 2791 2218 [5t]
2838 2147 3114 2215 quondam
3158 2146 3428 2215 tragmdia

1855 2242 2015 2295 simul
2042 2250 2093 2295 et
2125 2240 2471 2311 dithyrambo
2504 2240 2747 2306 vicisset,
2777 2238 2901 2293 Chii
2936 2240 3043 2292 vini
3073 2238 3269 2293 cadmn
3302 2239 3430 2291 viri-

1856 2334 1950 2387 tim
1984 2332 2183 2398 cnique
2216 2333 2414 2385 civium
2452 2333 2635 2397 dedit;
2679 2342 2738 2385 ut
2791 2339 3097 2386 memorant
3134 2330 3432 2385 Athenaeus

1856 2433 1905 2476 et
1928 2420 2137 2475 Comici
2165 2431 2452 2475 enarrator
2485 2420 2551 2473 ad
2580 2421 2803 2474 Pacem.
2836 2417 3152 2472 Luculentze
3187 2432 3314 2471 vero
3342 2416 3429 2469 di-

1860 2513 2025 2575 vitiae,
2055 2529 2178 2581 quae
2208 2522 2315 2566 tam
2352 2512 2569 2566 eximia:
2611 2511 2929 2565 liberalitati
2959 2510 3207 2566 sullicere
3236 2517 3432 2578 potue-

1860 2613 2009 2657 runt.
2043 2603 2314 2673 Ephesius
2344 2603 2505 2657 homo
2553 2602 2835 2656 mendicus
2864 2610 2919 2655 et
2963 2597 3439 2654 circumforaneus

1862 2694 2181 2749 cantitando
2231 2705 2285 2748 et
2336 2691 2718 2763 gesticulando
2748 2693 2950 2746 vietum
2982 2692 3195 2761 inopem
3239 2690 3439 2759 quieri-

1865 2792 2009 2844 tans.
2043 2792 2102 2837 ut
2134 2799 2252 2839 mos
2282 2791 2399 2838 erat
2444 2781 2766 2850 rhapsodis;
2816 2796 2957 2850 quos
2988 2780 3260 2835 Homerus
3302 2794 3439 2833 suus

1865 2876 2074 2929 misella
2110 2875 2251 2943 stipe
2279 2883 2333 2927 et
2364 2875 2663 2928 esuritione
2698 2853 2977 2942 p‘ascebat.
3009 2872 3131 2941 Ipse
3169 2872 3237 2924 de
3264 2886 3322 2924 se
3358 2870 3440 2922 lo-

1867 2968 2049 3036 quitur
2088 2966 2229 3035 apml
2268 2964 2544 3018 Platonem
2586 2983 2598 3017 :
2631 2967 2722 3017 Δεῖ
2765 2964 2874 3035 γάρ
2901 2981 2967 3033 με
3001 2965 3096 3019 καὶ
3124 2962 3312 3034 σφόδρ’
3344 2962 3443 3016 ai;-

1866 3062 1978 3121 τοῖς
2007 3059 2138 3125 (τοῖς
2168 3056 2407 3124 οεαταῖς)
2459 3055 2550 3108 τὸν
2585 3054 2706 3108 νοῦν
2745 3056 3059 3124 προσέχειν,
3097 3055 3173 3116 ὠς
3214 3054 3309 3105 ἐὰν
3343 3053 3442 3121 μὲν

268 3144 327 3196 Ρ.
362 3146 481 3199 181.
515 3147 621 3199 Καὶ
654 3151 793 3217 μετὰ
818 3148 977 3203 τοῦτο
1007 3150 1214 3214 Μίνως,
1255 3152 1351 3204 καὶ
1399 3153 1536 3222 μετὰ
1572 3153 1764 3206 Μίνωα
1790 3184 1832 3239 C
1870 3149 2150 3209 κλαίοντας
2185 3146 2385 3209 αὐτοὺς
2428 3144 2658 3209 καθίζων
2704 3144 2868 3206 αὐτὸς
2909 3145 3215 3213 γελάσομαι
3268 3141 3441 3213 ἀργύ-

194 3238 421 3300 Δύὶέας.
456 3238 571 3292 Dixi
604 3255 777 3292 meam
811 3243 1136 3295 sententiam
1170 3261 1182 3296 :
1217 3244 1474 3297 nimirum
1503 3252 1597 3297 aut
1633 3246 1766 3297 vitio

194 3329 411 3381 codicis
445 3338 539 3381 aut
562 3332 840 3385 lttt‘ﬂlOl‘itl:
868 3334 1062 3385 falsum
1087 3349 1209 3387 esse
1242 3333 1548 3399 Joannem;
1598 3345 1651 3389 et
1698 3336 1766 3389 ad

198 3421 343 3474 hunc
379 3422 598 3474 modum
637 3438 663 3473 a
698 3424 871 3491 prima
920 3442 1080 3477 manu
1115 3427 1379 3494 scriptum
1412 3427 1603 3487 videri,
1660 3428 1768 3479 Καὶ

201 3511 338 3579 μετὰ
365 3510 553 3563 τοῦτον
593 3514 736 3578 Ἴων,
773 3517 865 3566 καὶ
908 3515 1044 3583 μετα
1078 3517 1243 3568 Ἴωνα
1276 3517 1554 3586 Αἰσχύλος.
1598 3517 1769 3570 Porro

202 3606 307 3654 ista
335 3604 453 3674 [ΞΟ]
490 3606 581 3656 ῐοιι
613 3616 768 3673 pocla
803 3606 903 3659 fuit
933 3608 1199 3673 tragicus,
1220 3608 1440 3662 natione
1460 3607 1632 3662 Chius
1666 3609 1769 3662 :de

198 3711 310 3760 quo
348 3696 471 3747 ideo
492 3697 644 3763 plura
682 3695 951 3760 dicemus,
987 3698 1113 3766 quia
1149 3698 1423 3763 Thespide
1452 3708 1504 3752 et
1534 3698 1770 3769 Eschy-

202 3790 255 3839 lo
304 3787 593 3856 aliquanto
638 3797 721 3842 est
763 3792 1034 3859 ignotior;
1087 3800 1199 3843 tum
1261 3802 1440 3845 autem
1491 3801 1550 3845 ut
1607 3795 1767 3862 quasi

200 3878 475 3943 specimen
496 3878 691 3931 demus
729 3878 891 3933 istius
923 3880 1129 3948 operis,
1154 3880 1314 3948 cujus
1350 3890 1506 3935 antea
1537 3880 1770 3937 leciruns

202 3968 556 4029 uomuioiwm,
589 3983 696 4036 quo
725 3966 989 4038 Reliquias
1044 3972 1215 4022 enini:
1271 3970 1468 4025 (ἐτησίαι
1526 3988 1766 4039 poeseos,

202 4060 616 4127 philosophiae,
650 4061 836 4127 epicze.
880 4062 1153 4126 elegiacm,
1187 4062 1524 4129 dramaticac,
1568 4065 1771 4135 lyricae-

200 4166 309 4217 que
353 4150 612 4219 colligere
667 4150 962 4205 voluimus.
1006 4150 1110 4203 Sed
1164 4150 1276 4204 lucc
1319 4152 1559 4208 fuerunt.
1616 4155 1766 4209 Prin-

202 4242 350 4309 cipio
401 4247 580 4294 autem
639 4256 745 4294 non
794 4242 991 4311 injuria
1045 4241 1216 4296 Chius
1256 4253 1446 4298 noster
1495 4262 1602 4299 una
1645 4261 1771 4301 cum

204 4332 469 4400 .IEschylo
503 4342 860 4397 memoratur,
900 4334 989 4388 cui
1021 4334 1152 4388 olim
1180 4335 1420 4389 amicitia
1456 4348 1508 4391 et
1534 4336 1771 4391 [anulla-

204 4425 371 4477 ritate
399 4424 729 4493 conjunctus
763 4424 897 4482 fuit;
934 4436 993 4479 ut
1035 4443 1100 4480 ex
1133 4427 1429 4481 Plutarcho
1472 4438 1689 4482 constat
1716 4431 1770 4483 in

1869 3258 1983 3311 ριον
2026 3239 2340 3309 λαμϐάνωνυ
2383 3239 2476 3290 ἐὰν
2507 3237 2562 3290 δὲ
2594 3237 2893 3304 γελῶντας,
2940 3237 3100 3297 αὐτὸς
3134 3235 3443 3305 κλαύσομαι

1868 3331 2130 3402 ἀργύριον
2153 3329 2409 3391 ἁπολλύς.
2433 3330 2607 3383 Chius
2641 3330 2693 3381 in
2734 3329 2881 3381 omni
2919 3329 3223 3380 litterarum
3248 3342 3444 3395 genere

1868 3440 2125 3493 maguum
2160 3439 2354 3476 nornen
2395 3434 2477 3475 est
2524 3433 2855 3475 consecutus
2888 3439 2901 3473 :
2932 3418 3201 3489 Ephesius
3246 3428 3445 3487 praeter

1871 3515 2163 3569 llmnernm
2215 3514 2352 3567 nihil
2389 3513 2592 3567 doctus
2625 3523 2852 3567 cantare
2885 3530 2899 3565 :
2938 3512 3081 3565 sicut
3111 3510 3178 3562 de
3213 3524 3271 3563 se
3306 3508 3443 3561 fate-

1871 3616 1993 3672 tur;
2026 3622 2151 3660 cum
2185 3621 2213 3657 ι
2252 3604 2484 3658 Socrate
2520 3604 2889 3672 interrogatus
2934 3612 3118 3654 utrum
3148 3600 3443 3653 lloinerum

1870 3699 2049 3755 Solum
2083 3699 2327 3761 calleret,
2352 3713 2421 3751 an
2447 3692 2925 3751 etiam'ﬂesiodum
2947 3702 3002 3748 et
3018 3694 3408 3747 Archilochum
3430 3708 3443 3753 ;

1870 3792 2173 3862 respondit,
2200 3791 2421 3844 minime
2444 3788 2663 3858 quidem
2692 3788 2851 3845 istos.
2885 3786 2979 3841 sed
3016 3785 3311 3839 llomernm
3351 3800 3445 3838 so-

1872 3886 1982 3938 lum
2005 3902 2017 3937 :
2038 3894 2202 3953 atque
2232 3882 2335 3937 hoc
2369 3883 2505 3937 satis
2535 3897 2678 3935 esse.
2702 3879 2765 3932 Et
2790 3881 3072 3949 aliquanto
3104 3886 3255 3947 post:
3277 3878 3446 3932 Ὅταν

1875 3976 1973 4046 μέν
1995 3993 2098 4038 τις,
2134 3974 2228 4037 ait,
2254 3975 2380 4043 περὶ
2402 3973 2498 4025 τοῦ
2531 3972 2691 4026 ἄλλον
2713 3968 2939 4039 ποιητοῦ
2969 3968 3305 4036 διαλέγηται,
3324 3967 3446 4018 οὐδὲ

1872 4067 2127 4139 προσέχω
2157 4064 2305 4128 νοῦν,
2349 4064 2595 4117 ἀδυνατῶ
2623 4080 2681 4116 τε
2728 4064 2821 4116 καὶ
2852 4062 3031 4116 ὁτιοῦν
3073 4060 3445 4130 συμϐαλέσθαι

1872 4156 2027 4225 λόγου
2060 4157 2227 4222 ἄξιον,
2256 4155 2371 4208 ἀλλ’
2417 4154 2659 4225 ἀτεχνῶς
2700 4153 3057 4219 νυστάζωίει
3108 4154 3213 4206 alia
3267 4152 3442 4221 pluria

1872 4251 1926 4303 in
1993 4249 2135 4303 hanc
2196 4248 2543 4303 sententiam.
2592 4248 2684 4301 Sic
2747 4248 2913 4315 igitur
2961 4260 3280 4315 persuasum
3344 4244 3443 4296 ha-

1872 4342 1995 4407 beo,
2019 4341 2155 4395 Chio
2187 4340 2264 4394 illi
2291 4347 2346 4395 et
2378 4339 2619 4409 Ephesio
2650 4340 2907 4409 patriam,
2940 4354 3133 4407 genus,
3168 4336 3438 4396 fortunas,

1875 4434 2171 4503 ingenium,
2222 4432 2427 4496 studia,
2460 4449 2660 4498 mores,
2718 4433 2902 4487 omnia
2949 4432 3186 4499 denique
3246 4440 3443 4499 printer

205 4514 349 4564 libro
390 4512 484 4580 qui
543 4513 866 4566 inscribitur
900 4512 1022 4575 Πῶς
1078 4514 1141 4567 ἄν
1178 4532 1260 4577 τις
1307 4514 1545 4567 αἴσθοιτο
1578 4515 1755 4568 ἑαυτοῐ

1877 4542 2068 4580 nomen
2087 4534 2140 4578 et
2161 4534 2374 4579 :etatem
2403 4525 2642 4593 disparia
2676 4524 2862 4578 fuisse.
2884 4525 2943 4576 Et
2981 4533 3194 4576 atatem
3217 4522 3442 4591 quidem
3476 4568 3477 4571 η

203 4604 604 4673 προκόπτοντος
630 4604 715 4657 ἐπ’
750 4606 941 4674 ἀρετῇ.
974 4605 1257 4675 Αἰσχύλος,
1291 4607 1388 4669 ait,
1416 4606 1621 4677 Ἰσθμοῖ
1643 4607 1777 4662 θεώ-

206 4710 367 4762 μενος
397 4696 582 4761 ἀγῶνα
612 4695 853 4759 πυκτῶν,
884 4697 1006 4749 ἐπεὶ
1032 4698 1327 4766 πληγέντος
1354 4699 1439 4751 ἑτέ
1451 4716 1542 4767 ρου
1562 4703 1619 4753 τὸ
1650 4702 1777 4756 θέα-

200 4800 335 4853 τρον
386 4784 671 4853 ἐξέκραγε,
706 4784 868 4849 νύξας
896 4788 1057 4839 Ἴωνα
1098 4788 1187 4839 τὸν
1230 4790 1380 4851 Χῖον,
1416 4791 1598 4860 Ὁρᾷς,
1648 4792 1772 4862 ἔφη,

202 4873 316 4928 οἷον
351 4877 383 4943 ή
412 4875 642 4943 ἄσκησίς
669 4878 834 4929 ἐστιν·
872 4879 899 4929 ὁ
937 4878 1228 4947 πεπληγὼς
1254 4881 1452 4950 σιωπᾷ,
1485 4882 1532 4933 οἱ
1553 4881 1611 4933 δὲ
1643 4882 1778 4934 θεώ-

208 4984 332 5035 μενι
365 4966 549 5034 βοῶσι.
583 4965 809 5022 Juvenis
841 4977 1024 5023 tamen
1060 4985 1182 5023 cum
1210 4986 1342 5025 sene
1371 4982 1619 5027 versatus
1655 4984 1775 5042 est;

204 5067 263 5113 et
293 5060 345 5113 iu
379 5074 446 5113 eo
476 5060 693 5127 quidem
728 5076 835 5113 non
884 5062 1081 5115 leviter
1117 5078 1398 5132 peccatum
1428 5074 1511 5118 est
1547 5083 1575 5118 a
1605 5066 1777 5121 Joan-

208 5165 303 5211 ne,
325 5150 467 5216 quod
489 5151 669 5204 Ionem
694 5149 953 5220 Aischylo
980 5154 1334 5207 vetustiorcm
1356 5156 1537 5210 faciat.
1560 5157 1774 5212 Utinam

209 5254 342 5291 vero
394 5248 707 5307 superesset
738 5242 897 5294 hodie
950 5241 1181 5297 Batonis
1211 5243 1541 5312 Sinopensis
1602 5248 1775 5302 liber!

206 5328 373 5382 Plura
416 5328 484 5383 de
535 5330 681 5384 Ionis
738 5338 901 5385 :etate
929 5343 982 5386 et
1010 5333 1352 5389 evidentiora
1383 5336 1495 5390 dici
1530 5350 1774 5406 possent,

209 5436 361 5475 nunc
412 5422 514 5476 soli
565 5422 620 5475 in
683 5423 927 5477 obscuro
974 5424 1299 5493 Iubricoque
1332 5430 1552 5483 tramite
1605 5434 1779 5501 magis

205 5523 513 5579 reptamus,
543 5527 706 5579 quam
755 5515 1084 5581 pedetentim
1128 5517 1485 5586 ingredimur.
1532 5522 1777 5578 Platonis

202 5608 293 5651 ρδι
319 5600 729 5671 Dialogus.qno
758 5603 1016 5660 Socrates
1040 5623 1350 5663 sermonem
1383 5610 1619 5666 instituit
1652 5632 1775 5668 cum

210 5688 341 5744 Ione
371 5693 607 5759 quodam
653 5694 925 5763 Ephesio;
957 5714 1118 5767 quem
1147 5715 1173 5751 a
1209 5700 1343 5754 Chio
1379 5719 1488 5755 non
1522 5720 1645 5759 esse
1702 5708 1778 5758 di-

207 5798 429 5836 wrsum
466 5786 647 5850 opinio
670 5796 752 5841 est
781 5788 898 5842 lilii
925 5790 1167 5859 Cyr-aldi.
1191 5790 1317 5845 Julii
1352 5795 1638 5865 διώκει-ιι,
1661 5798 1777 5853 υει-

1878 4633 2001 4670 emn
2047 4617 2193 4678 dico,
2236 4632 2366 4671 cave
2391 4631 2515 4669 cum
2557 4614 2747 4669 Jonsio
2784 4627 2837 4669 et
2884 4612 3126 4668 Gerardo
3160 4613 3354 4667 Vossio
3389 4622 3444 4666 ct

1878 4708 2123 4778 Menagio
2154 4708 2221 4762 ad
2259 4708 2479 4780 Olymp.
2530 4724 2676 4762 cun
2724 4709 2906 4762 Ionem
2940 4708 3141 4760 Chium
3195 4706 3443 4776 rejicias.

1787 4848 1793 4853 .
1877 4800 1968 4870 qui
2004 4801 2055 4853 in
2082 4798 2515 4854 erubescendum
2538 4814 2781 4853 errorem
2812 4798 3121 4851 inciderunt
3156 4797 3341 4858 inscii,

1985 4891 2050 4945 Et
2081 4894 2313 4962 graviter
2336 4894 2513 4961 magni
2548 4888 2736 4960 magno
2765 4891 2997 4945 cecidere
3028 4892 3097 4943 ibi
3129 4908 3257 4943 casu
3293 4905 3311 4943 :

1879 4985 1947 5038 ab
1986 4984 2268 5038 hominum
2302 4985 2619 5040 [utilissimo
2644 4983 2869 5038 Emilio
2900 4984 3065 5038 Porto
3095 4983 3327 5052 decepti,
3349 4984 3443 5052 qui

1881 5076 2062 5130 Suidaa
2091 5076 2279 5140 verba,
2308 5071 2550 5145 Ἤρξατο
2592 5074 2691 5138 τὰς
2716 5074 3022 5147 τραγῳδίας
3051 5074 3323 5127 διδάσκειν
3352 5074 3445 5126 ἐπὶ

1877 5165 1975 5233 τῆς
2001 5164 2087 5233 πβ⁹
2134 5165 2519 5238 Ὀλυμπιάδος,
2570 5168 2642 5219 ita
2685 5166 2878 5219 Latina
2915 5165 3063 5228 fecit,
3103 5174 3365 5238 tanquam
3397 5167 3445 5219 si

1880 5254 1970 5307 Ion
2006 5254 2219 5325 Olymp.
2252 5273 2398 5311 usu
2423 5258 2664 5311 scribere
2692 5258 2972 5326 coepisset.
3008 5257 3193 5325 Atqui,
3220 5241 3446 5318 o'hone,

1882 5344 1968 5413 πβ⁹
2001 5354 2127 5398 sunt
2155 5362 2341 5399 LXXXII
2382 5366 2393 5400 :
2437 5360 2487 5401 et
2520 5348 2854 5401 scholiastes
2884 5336 3081 5399 comici
3115 5362 3222 5399 non
3256 5362 3449 5401 nume-

1880 5454 2064 5489 rerum
2119 5448 2301 5500 notas,
2333 5455 2520 5493 verum
2577 5441 2785 5508 integra
2843 5442 3007 5493 verba
3066 5440 3304 5504 exhibet,
3358 5440 3451 5494 ἐπὶ

1878 5529 2241 5599 ὀγδνηκοστῆς
2273 5531 2367 5583 καὶ
2390 5530 3045 5601 δευτέραςῸλυμπιάδςς.
3075 5530 3255 5585 Facile
3286 5532 3452 5601 igitur

1883 5637 1977 5687 per
2009 5630 2222 5675 aetatem
2260 5623 2475 5694 licitum.
2526 5632 2632 5689 est,
2681 5640 2841 5677 nsmn
2896 5633 2950 5677 et
2994 5624 3450 5677 consuetudinem

1883 5710 1995 5764 Ioni
2033 5713 2171 5765 Chio
2200 5729 2324 5766 cum
2380 5714 2607 5770 Socrate
2651 5714 2841 5769 fuisse.
2873 5713 3016 5781 Quin
3061 5715 3266 5783 ipsein
3334 5716 3461 5769 suis

1883 5806 2105 5874 scriptis
2140 5805 2388 5861 Socratis
2423 5808 2755 5863 rnentioncm
2795 5809 2940 5863 fecit.
2972 5806 3242 5879 Diogenes
3268 5807 3451 5863 Lacrt.
