4202 6448
789 367 891 427 7li7

1690 366 1789 427 DE
1822 364 2145 428 JOANNIS
2181 366 2507 427 MALALIB
2534 366 3213 428 CHRONOGRAPHIA.

3989 366 4083 427 763

790 482 930 538 velis
954 523 971 549 ,
1013 481 1327 553 Χαιρεφῶν,
1350 478 1648 550 Κυρηϐίων
1670 521 1685 545 ,
1720 481 1835 549 jam
1866 497 1973 535 non
2001 480 2367 551 Chaerephon-

2482 489 2570 535 tur
2596 479 2807 544 Αὑλέας
2865 484 2896 535 ό
2940 481 3256 551 σοφώτατος
3288 479 3357 537 de
3408 479 3777 553 Endymione.
3818 496 4003 550 quem
4035 485 4081 535 in

792 576 863 629 tis
921 574 1087 630 verba
1141 573 1341 634 forent,
1369 586 1493 641 quae
1530 572 1779 627 Athenaﬁ
1812 574 2084 628 sententia
2108 582 2231 638 est;
2271 572 2368 627 sed

789 664 1134 736 Cyrehionis.
1172 664 1309 718 Illud
1340 671 1526 718 autem
1575 664 1870 718 exordium
1915 663 2368 734 Τριαγμοῦιιοη-

789 760 918 809 dum
943 772 972 808 a
1000 756 1138 810 viris
1164 755 1345 809 doctis
1377 754 1730 810 emendatum
1785 770 1909 810 esse
1940 754 2213 820 demiror;
2246 756 2363 824 qui,

788 845 891 899 etsi
922 844 1275 899 dissimulant
1320 852 1375 897 et
1430 851 1703 907 mussant,
1747 844 1904 913 juxta
1934 843 1988 896 id
2029 843 2363 913 intelligtmt,

789 953 851 989 ac
884 938 931 991 si
962 938 1013 990 in
1045 935 1224 991 Ovidii
1288 935 1475 991 Getica
1526 936 1871 990 incidissent.
1904 934 1987 989 Me
2026 946 2255 990 auctore
2283 936 2365 988 sic

790 1030 907 1097 lege
945 1047 958 1081 :
988 1027 1159 1100 Ἀρχὴ
1188 1029 1243 1081 δέ
1274 1045 1364 1097 μοι
1397 1026 1492 1081 τοῦ
1521 1028 1684 1095 λόγου
1727 1029 1911 1081 Πάντα
1934 1032 2084 1097 τρία,
2122 1029 2211 1080 καὶ
2242 1027 2364 1080 οὔτε

788 1121 951 1174 πλέον
977 1120 1098 1174 οὔτε
1165 1121 1390 1175 ἔλασσον
1458 1121 1665 1175 τούτων
1714 1121 1881 1190 τριῶν
1937 1121 2083 1184 Ἐνὺς
2133 1122 2362 1174 ἑκάστου

785 1213 977 1283 ἀρετὴ,
1005 1213 1199 1283 τριάςο
1247 1212 1482 1277 σύνεσις,
1518 1212 1741 1282 κράτος,
1792 1213 1887 1264 καὶ
1924 1211 2085 1282 τύχη.
2124 1210 2223 1266 Ubi
2251 1214 2366 1265 sin-

785 1306 912 1375 gula
951 1304 1171 1373 quidem
1206 1305 1368 1359 verba
1416 1306 1543 1359 sun‘t
1562 1304 1878 1360 communia
1910 1320 1923 1356 :
1953 1303 2046 1372 qui
2082 1313 2263 1358 tamen
2296 1320 2362 1358 ex

786 1400 905 1465 ipso
951 1397 1273 1451 charactere
1305 1404 1359 1450 et
1400 1395 1575 1449 forma
1617 1396 1833 1449 dicendi
1874 1410 1982 1449 non
2021 1396 2187 1449 sentit
2215 1395 2358 1449 loni-

784 1501 985 1547 smum,
1018 1485 1156 1538 nihil
1177 1487 1365 1540 sentit.
1425 1484 1499 1541 De
1521 1484 1754 1555 Epigene
1794 1501 1945 1548 vero,
1978 1500 2087 1553 quo
2118 1501 2203 1539 me
2241 1500 2362 1538 ver-

784 1587 893 1631 tam
928 1578 1139 1643 ncscio,
1171 1579 1242 1630 ita
1278 1592 1367 1631 res
1392 1585 1446 1631 et
1488 1578 1615 1631 hinc
1641 1586 1694 1631 et
1727 1578 1851 1631 inde
1885 1594 2140 1647 magnam
2199 1577 2361 1631 habet

783 1669 1177 1725 difficultatem.
1205 1667 1339 1721 Nam
1371 1683 1500 1722 ecce
1535 1667 1633 1721 tibi
1673 1666 1876 1720 Suidas
1915 1686 1927 1720 :
1968 1668 2058 1736 qui
2089 1684 2197 1721 non
2231 1669 2358 1738 Epi-

780 1778 999 1832 genem,
1033 1762 1127 1817 sed
1156 1760 1433 1829 Orpheum
1494 1766 1772 1812 auctorem
1830 1758 1995 1813 faciat
2035 1759 2357 1830 Τριαγμῶν.

782 1816 1040 1923 ῗορφεὺς,
1076 1816 1276 1920 inquii,
1297 1850 1501 1922 ἔγραψε
1533 1852 1874 1921 Τριαγμοῦς,
1898 1816 2116 1918 λέγεται
2138 1816 2201 1904 δὲ,
2219 1816 2358 1907 εἶναι
2389 1816 2433 1872 Β

785 1946 972 2008 Ἴωνος
1020 1945 1115 1998 τοῦ
1169 1943 1470 2016 Τραγικοῦ.
1545 1943 1793 2012 Cumque
1846 1942 2141 2013 Epigenem
2200 1944 2360 1999 video

781 2035 1188 2090 enarrationem
1224 2034 1424 2104 Orphei
1467 2034 1686 2097 fecisse,
1709 2035 1978 2090 Clementi
2001 2044 2357 2088 memoratam

783 2130 1000 2198 Στρωμ.
1062 2145 1103 2183 1.
1168 2128 1459 2198 Ἐπιγένης
1499 2129 1557 2179 ἐν
1610 2129 1725 2190 τοῖς
1756 2128 1884 2197 περὶ
1916 2127 2015 2195 τῆς
2047 2129 2128 2190 εἰς
2156 2127 2358 2195 Ὀρφέα

783 2222 1056 2289 ποιήσεως
1080 2219 1385 2291 Κέρκωπος
1412 2215 1550 2273 εἶναι
1566 2219 1714 2287 λέγει
1742 2219 1836 2272 τοῦ
1861 2218 2227 2289 Πυθαγορείου
2258 2218 2359 2288 τὴν

778 2312 859 2373 είς
887 2310 1051 2381 ’ᾼδου
1086 2309 1407 2364 Κατάϐασιν
1434 2312 1527 2364 καὶ
1559 2311 1651 2362 τὸν
1692 2310 1858 2381 Ἱερὸν
1902 2310 2079 2378 λόγον.
2108 2309 2356 2375 (Proclus

780 2409 961 2453 tamen
989 2401 1043 2455 in
1079 2400 1332 2455 Timwum
1367 2401 1460 2456 lib.
1492 2417 1545 2465 v,
1578 2402 1755 2471 ipsum
1797 2401 2160 2471 Pythagoram
2192 2402 2355 2471 hujus

781 2500 1060 2546 auctorem
1092 2492 1297 2548 laudat.
1344 2495 1414 2560 Ἀ
1441 2494 1572 2565 γὰρ.
1607 2494 1706 2556 δῖε,
1750 2493 1982 2565 Ὀρῖθεῦς
2016 2494 2087 2545 δι’
2116 2495 2357 2566 ἀπορρίγ

779 2600 887 2636 των
907 2583 1081 2653 λόγων
1118 2585 1396 2655 μυστικῶς
1424 2584 1797 2656 παραδέδωκε,
1826 2586 1998 2639 ταῦτα
2034 2585 2356 2657 Πυθαγόρας

780 2674 1065 2745 ἐξέμαθεν,
1122 2677 1435 2747 όργιασθεὶς
1498 2680 1555 2731 ὲν
1598 2677 1920 2748 Λειϐἠθροις
1948 2681 2058 2740 τοῖς
2096 2678 2355 2748 Θρᾳκίοις

780 2769 1145 2840 Ἀγλαοφάμω
1211 2769 1438 2824 τελεστά
1499 2770 1893 2841 μεταδιδόντος,
1942 2770 2008 2839 ἢν
2048 2754 2175 2838 περί
2204 2769 2354 2823 Θεῶν

782 2861 1012 2929 Ὀρςςεῦς
1046 2860 1239 2928 σοφίαν
1271 2860 1421 2929 παρὰ
1451 2860 1767 2929 Καλλιόπης
1787 2860 1885 2928 τῆς
1915 2860 2150 2931 μητέρος
2170 2860 2357 2916 ὲπινύς

780 2946 913 3014 σθηο
946 2946 1131 2999 Ταῦτα
1173 2948 1280 3015 γάρ
1338 2965 1505 3018 φησιν
1533 2951 1561 3002 ὁ
1603 2948 1929 3024 Πυθαγόρας
1973 2951 2031 3001 ὲν
2068 2947 2145 3018 τῷ
2187 2948 2350 3020 λόγῳ.

782 3036 936 3092 Unde
962 3048 1177 3092 constat
1250 3041 1438 3110 Ἱερὸν,
1472 3049 1533 3094 ιιι
1587 3040 1691 3094 alia
1726 3042 1930 3111 scripta
1968 3040 2348 3111 Pythagorica,

780 3129 1014 3184 dialecto
1041 3129 1234 3185 Dorica
1273 3131 1445 3187 fuisse
1483 3134 1875 3199 compositum)
1900 3141 2027 3187 etv.
2062 3134 2352 3205 Ἐπιγένης
2378 3165 2422 3225 c

780 3222 837 3271 ἐν
874 3220 951 3289 τῷ
987 3221 1229 3291 περὶτῆς
1249 3222 1491 3291 Ὀρφέως
1516 3224 1787 3291 ποιήσεως
1827 3223 1895 3275 τὰ
1925 3223 2194 3288 ἰδιάζοντα
2222 3226 2352 3293 παρ’
2389 3220 2395 3285 ί

779 3309 971 3377 ὐρτρεῖ
1019 3310 1367 3381 ὲκτιθέμενός
1416 3328 1570 3379 φησι,
1616 3313 1852 3383 Κερκίσι
1898 3313 2348 3382 καμπυλόχρωσι,

779 3404 893 3464 τοῖς
955 3403 1204 3471 ἀρότροις
1251 3403 1573 3473 μηνύεσθαι,
1604 3414 1711 3458 etc.
1748 3404 1881 3458 Cum
1928 3404 2061 3468 harc,
2106 3404 2347 3474 inquam,

784 3494 920 3562 lego,
954 3494 1346 3562 propemodum
1400 3494 1643 3549 adducor
1688 3495 1741 3548 in
1771 3510 1890 3549 eam
1926 3496 2259 3562 opinionem.
2293 3504 2352 3549 ut

784 3584 1177 3653 llarpocration
1211 3586 1314 3639 hoc
1335 3586 1583 3654 exemplo
1631 3587 1915 3654 scripserit
1952 3587 2121 3657 ιδπερ
2150 3587 2353 3640 Καλλί-

785 3695 953 3747 μαχος
977 3678 1349 3746 ἀντιλέγεσθαι
1374 3695 1560 3748 φησιν,
1588 3678 1663 3740 ὡς
1702 3684 1797 3731 καὶ
1828 3679 2136 3749 Ἐπιγένης.
2166 3677 2277 3751 [69]
2312 3677 2357 3733 Ε

781 3770 1003 3823 diverso
1052 3770 1144 3824 ubi
1198 3770 1332 3823 illud
1368 3770 1515 3823 venit
1558 3769 1611 3823 in
1662 3778 1924 3833 mentem,
1954 3768 2155 3839 Orphei
2180 3772 2351 3841 ipsius

781 3869 834 3914 ιιι
871 3860 1190 3929 Pythagora:
1240 3876 1459 3931 quoque
1523 3861 1856 3915 mentionem
1907 3859 2105 3914 factam
2137 3877 2262 3917 esse
2294 3863 2349 3916 in

783 3953 891 4007 illis
912 3953 1235 4022 Τριαγμοῖς,
1267 3953 1525 4007 continuo
1548 3952 1875 4006 sententiam
1900 3968 2019 4005 eam
2045 3953 2267 4021 abjicio,
2295 3962 2351 4007 rt

784 4044 1055 4097 manifesti
1107 4045 1314 4100 erroris
1378 4044 1604 4099 Suidam
1637 4059 1827 4113 arguo.
1866 4044 2115 4100 Clemens
2145 4046 2274 4117 Στρ.
2310 4062 2348 4101 ι.

787 4134 911 4185 Ἴων
940 4134 995 4186 δὲ
1015 4135 1043 4186 ό
1076 4136 1205 4197 Χῖος
1237 4138 1295 4188 ὲν
1324 4138 1437 4198 τοῖς
1472 4136 1778 4205 Τριαγμοῖς
1801 4138 1896 4189 καὶ
1924 4138 2244 4210 Πυθαγόραν
2268 4141 2351 4204 εἰς

780 4224 982 4293 Ὀρφέα
1004 4226 1315 4292 ἀνενεγκεῖν
1341 4243 1463 4279 τινα
1525 4227 1747 4298 ἱστορεῖ.
1781 4236 1836 4281 et
1865 4229 2131 4298 Diogenes
2165 4229 2352 4286 Laert.

787 4316 911 4368 Ἴων
934 4317 989 4369 δὲ
1014 4319 1041 4369 ὁ
1058 4319 1183 4381 Χῖος
1208 4320 1264 4371 ὲν
1293 4320 1404 4381 τοῖς
1420 4319 1721 4390 Τριαγμοῖς
1738 4338 1902 4391 φησιν
1929 4323 2090 4375 αὑτὸν
2112 4324 2224 4394 (τὸν
2242 4326 2355 4378 ηυ-

783 4404 1040 4476 θαγόραν)
1062 4406 1177 4460 ἔνια
1211 4409 1514 4479 ποιήσαντα
1540 4412 1849 4479 ἀνενεγκεῖν
1888 4414 1966 4476 είς
1996 4413 2220 4484 Ὀρφέα.
2252 4415 2351 4469 Ita-

2473 579 2660 627 monte
2683 573 2863 627 Caria
2911 574 3037 627 luna
3074 572 3408 643 consopivit,
3441 583 3501 627 ut
3529 588 3655 628 eum
3694 573 4080 628 dormientem

2470 663 2839 718 oscularetur.
2898 662 3165 734 Suspicor
3215 675 3271 719 et
3332 665 3422 719 hic
3476 680 3698 735 quoque
3764 665 4079 735 signiﬁcari

2470 751 2816 823 Eschylum,
2866 754 2958 824 qui
3015 755 3070 808 in
3120 754 3305 809 fabula
3370 753 3597 809 Curibus
3654 756 3778 810 sive
3862 755 4081 824 Europa

2470 859 2578 898 non
2602 846 2779 914 potuit
2804 861 2912 899 non
2932 861 3051 901 eam
3081 846 3367 901 historiam
3400 846 3692 917 attingere.
3717 847 3873 902 Illud
3898 860 4079 903 autem

2470 953 2639 1009 quam
2670 939 2830 1008 longe
2860 940 3017 994 abest
3048 954 3078 992 a
3128 954 3281 1005 vero,
3312 938 3459 1008 quod
3498 938 3835 1010 Aiscbylum
3885 950 4081 993 narrat

2468 1032 2707 1099 primum
2778 1032 3090 1086 instituisse
3148 1032 3352 1085 choros
3399 1032 3684 1101 tragicos?
3751 1030 3794 1084 Ε
3851 1032 4079 1085 diverso

2467 1132 2655 1192 partes
2687 1122 2866 1185 chori,
2900 1132 3061 1177 antea
3104 1138 3270 1192 quam
3297 1121 3595 1193 IEschylus
3642 1122 3972 1193 tragoedias
4005 1123 4080 1176 fa-

2466 1222 2639 1276 ceret,
2682 1222 2840 1268 erant
2890 1215 3065 1269 altero
3118 1222 3274 1268 tanto
3335 1214 3637 1284 longiores,
3689 1229 3873 1283 quam
3926 1222 4072 1283 post.

2468 1304 2572 1357 Sn-d
2608 1319 2670 1358 ea
2693 1320 2780 1359 res
2805 1305 2911 1359 nisi
2943 1305 3197 1373 pluribus
3219 1304 3403 1359 verbis
3425 1303 3688 1373 explicari
3725 1320 3841 1357 non
3866 1313 4069 1372 potest:

2466 1405 2577 1451 tota
2614 1397 2727 1453 fere
2780 1414 2959 1452 scena:
2991 1399 3132 1451 ratio
3187 1406 3241 1451 ct
3287 1398 3516 1451 historia
3550 1407 3635 1450 est
3668 1397 4023 1451 illustranda
4059 1415 4073 1449 :

2464 1488 2777 1555 complures
2814 1498 3107 1543 auctorum
3141 1488 3243 1542 loci
3275 1502 3384 1556 qua
3415 1486 3756 1555 corrigendi,
3783 1502 3905 1555 qua
3934 1502 4075 1539 novo

2464 1576 2626 1632 modo
2666 1578 3061 1647 interpretandi
3092 1596 3106 1632 :
3143 1578 3299 1633 multi
3350 1592 3569 1631 errores
3600 1577 3939 1639 amovendi,
3962 1577 4071 1643 jam

2462 1669 2581 1738 ipsa
2616 1679 2891 1724 vetustate
2910 1671 3112 1725 ~caniet
3134 1671 3496 1726 venerabiles.
3528 1668 3697 1725 Nemo
3731 1669 3891 1722 enim
3927 1684 4072 1721 unus

2459 1772 2524 1812 ex
2559 1760 2787 1814 cohorte
2815 1761 3185 1827 eruditorum,
3220 1759 3313 1828 qui
3359 1760 3413 1813 in
3452 1774 3519 1815 eo
3554 1767 3903 1829 argumento
3944 1769 4068 1811 tan-

2463 1860 2648 1920 topere
2679 1852 3016 1917 laborarunt,
3043 1853 3188 1907 scire
3206 1853 3386 1906 adhuc
3410 1854 3609 1921 potuit,
3630 1852 3769 1922 quid
3796 1849 4065 1920 Thespis,

2459 1943 2590 2013 quid
2634 1943 2933 2015 Escbylus
2965 1954 3020 1999 et
3053 1944 3358 2015 Sophocles
3410 1945 3651 2000 inventis
3691 1942 4066 1999 addiderunt.

2460 2035 2652 2104 Itaque
2680 2048 2784 2089 tam
2842 2036 3031 2091 odiosa
3086 2037 3490 2107 disceptatione
3538 2037 3823 2107 patienter
3872 2051 4067 2090 carere

2459 2127 2644 2195 possis
2670 2127 2725 2180 in
2752 2129 3041 2197 praasentia
3079 2143 3094 2181 :
3127 2129 3243 2182 imo
3276 2143 3475 2184 vereor
3505 2137 3563 2180 ut
3590 2126 3732 2181 citra
3769 2127 4065 2182 fastidium

2457 2217 2745 2284 epistolam
2778 2220 3051 2289 perlegas,
3076 2218 3193 2291 [70]
3241 2220 3407 2274 etiam
3440 2220 3649 2288 absque
3678 2220 3792 2272 ista
3818 2234 4063 2273 concer-

2458 2309 2667 2363 tatione
2690 2309 2918 2364 nimium
2950 2312 3257 2380 loquacem.
3282 2310 3367 2368 Me
3397 2312 3620 2382 quidem
3647 2319 3702 2367 et
3732 2326 3917 2365 more
3943 2326 4063 2381 per-

2459 2406 2649 2452 taesum
2682 2408 2767 2454 est
2788 2410 2843 2454 et
2873 2402 3226 2471 ineptiarum.

2526 2490 2656 2561 Pag.
2693 2493 2820 2547 2M.
2852 2494 3185 2565 Στησίχορος
3210 2495 3305 2549 καὶ
3338 2496 3696 2566 Βακχυλίδης,
3720 2496 3774 2549 οἳ
3796 2491 3951 2565 ἦσαν
3975 2497 4063 2564 ὁρ-

2457 2585 2670 2655 χήσεως
2699 2586 2922 2656 εὑρεταὶ
2957 2588 3051 2641 καὶ
3076 2590 3321 2659 ποιηταί.
3353 2590 3493 2656 Quid
3511 2604 3706 2644 narras
3726 2589 3753 2642 ἲ
3786 2590 4060 2643 nimirum

2458 2686 2649 2731 nostra
2682 2692 2782 2733 nos
2814 2678 3001 2748 Opinio
3037 2679 3366 2750 fefellit,qui
3391 2679 3728 2735 credidimus
3765 2689 3820 2734 te
3859 2680 4063 2733 Antio-

2457 2766 2594 2835 chia:
2646 2782 2770 2822 esse
2820 2762 3033 2821 natum.
3073 2767 3357 2839 Siquidem
3400 2777 3593 2823 auctor
3635 2778 3717 2824 est
3767 2766 4059 2823 Lucianus

2456 2859 2856 2913 Antiochenses
2882 2858 2951 2913 de
2980 2860 3338 2916 saltatoribus
3367 2861 3573 2929 optime
3616 2863 3873 2915 omnium
3902 2860 4059 2930 judi-

2456 2963 2581 3003 care
2606 2947 2891 3018 potnisse:
2927 2958 2978 3005 te
3006 2958 3185 3005 autem
3216 2966 3339 3006 cum
3368 2951 3597 3005 aliarum
3628 2952 3910 3015 omnium,
3938 2960 4057 3005 tum

2456 3039 2621 3108 hujus
2650 3041 2784 3095 artis
2804 3039 3276 3110 imperitissimum
3302 3042 3579 3097 videmus.
3599 3040 3753 3111 Rogo
3773 3052 3850 3105 te,
3884 3044 4056 3097 homo

2455 3128 2735 3183 hominum
2767 3129 3144 3200 ignavissime,
3180 3146 3535 3201 nunquamne
3559 3145 3747 3185 sacras
3784 3130 4054 3201 Scriptu-

2460 3234 2551 3273 ras
2578 3220 2881 3275 lectitasti?
2916 3236 3100 3276 nonne
3136 3221 3210 3275 ibi
3240 3221 3504 3292 frequens
3534 3222 3851 3278 saltationis
3896 3237 4055 3277 men-

2460 3310 2535 3363 tio
2560 3310 2653 3363 diu
2678 3311 2907 3380 diuque,
2947 3319 3251 3381 antequam
3288 3310 3642 3366 Stesichorus
3677 3309 4055 3364 nasceretur?

2458 3400 2635 3469 quid?
2670 3416 2737 3455 ne
2770 3399 3066 3455 Homerum
3090 3402 3310 3471 quidem
3345 3418 3444 3473 per
3475 3414 3829 3458 transennam
3881 3416 4054 3470 aspe-

2459 3491 2587 3545 xisti
2609 3474 2761 3559 “liam
2783 3504 2915 3560 ergo
2941 3506 3063 3545 eum
3099 3492 3292 3547 audias
3323 3492 3491 3546 licet:

2470 3582 2824 3651 Ὀρχηστὺς,
2851 3583 3059 3664 μολπῇ
3084 3600 3167 3646 τε,
3225 3583 3413 3654 τάπερ
3441 3582 3491 3637 τ’
3530 3583 4054 3664 ἀναθήμαζαβαι-

2461 3723 2664 3786 Ἀλλῳ
2685 3722 2803 3789 μὲν
2826 3722 2935 3789 γὰρ
2950 3722 3141 3779 ἔδωκε
3169 3724 3302 3788 θεὸς
3325 3723 3623 3791 πολεμήϊα
3645 3654 3946 3789 ἔργα.μά⁸
3962 3696 3974 3709 ’

2461 3792 2663 3855 Ἀλλῳ
2686 3791 2738 3844 δ’
2761 3793 3087 3859 ὀρχηστὺν,
3104 3792 3285 3861 ἑτέρῳ
3312 3794 3548 3863 κίθαριν
3578 3795 3673 3847 καὶ
3694 3792 3942 3859 ἀοιδήν.

2458 3882 2585 3937 Scio
2615 3890 2794 3938 tamen
2834 3883 2965 3953 quid
3024 3884 3079 3938 in
3132 3878 3387 3940 fraudem
3430 3894 3482 3941 te
3543 3885 3784 3954 impulit,
3843 3901 4058 3958 nempe

2456 3989 2656 4029 nomen
2706 3972 3032 4039 Stesichori,
3078 3983 3339 4045 tanquam
3389 3977 3433 4031 si
3496 3977 3709 4046 primus
3768 3978 4052 4047 ἐστήσατο

2456 4062 2684 4134 χορούς·
2731 4070 2788 4116 et
2849 4075 3099 4132 poemata
3154 4066 3405 4135 quaedam
3458 4064 3847 4137 Bacchylidis,
3923 4085 4048 4139 quae

2472 4153 2867 4224 ’Υπορχήματα
2893 4154 3156 4225 inscripta
3181 4165 3333 4219 sunt,
3375 4164 3430 4211 et
3461 4172 3491 4211 ι
3521 4153 3738 4211 Stohaso
3767 4159 4047 4220 citantur,

2455 4251 2510 4299 et
2563 4244 2825 4299 Athenaeo
2874 4244 2970 4300 lib.
3011 4261 3123 4298 xw.
3170 4246 3232 4299 Ἦ
3271 4247 3328 4299 δὲ
3380 4246 3805 4317 ὑπορχηματική
3867 4251 4045 4313 ἐστιν,

2455 4335 2515 4387 ὲν
2652 4333 2793 4404 ᾅδων
2834 4336 2862 4386 ὀ
2923 4335 3080 4405 χορὸς
3118 4335 3391 4405 ὀρχεῖται·
3426 4337 3561 4405 φησὶ
3582 4336 3713 4403 γοῦν
3756 4338 3785 4389 ὁ
3822 4337 4049 4408 Βακχυ-

2454 4422 2634 4495 λίδηςο
2665 4423 2776 4493 Οὐχ
2805 4423 2960 4494 ἓδρος
3018 4425 3180 4493 ἔργον
3244 4425 3352 4477 οὐδ’
3394 4425 3661 4495 ἀμϐολᾶς.
3710 4424 3903 4482 Locus
3947 4429 4048 4482 ali-

780 4512 886 4564 que
920 4507 1131 4552 constat
1150 4499 1375 4553 Suidam
1406 4502 1722 4557 alterutrius
1759 4504 1921 4557 verba
1942 4500 2224 4575 perperam
2253 4524 2345 4563 ce-
2380 4522 2426 4576 ι)
2456 4522 2664 4583 quanto
2694 4514 2959 4583 integrior
2990 4521 3074 4569 est
3107 4514 3250 4583 apud
3309 4514 3630 4586 Dionysium
3672 4517 4045 4574 Halicarnaso

782 4590 930 4656 pisse
961 4606 974 4643 :
1011 4598 1064 4642 et
1092 4592 1461 4659 praestabilius
1491 4601 1573 4647 est
1603 4603 1874 4663 receptam
1900 4594 2352 4665 Ilarpocrationis

784 4679 1068 4732 lectionem
1098 4689 1302 4735 sartam
1330 4690 1385 4736 ct
1418 4691 1615 4737 tectam
1640 4685 1804 4738 tueri.
1847 4684 2050 4756 Nempe
2080 4700 2135 4741 ut
2174 4693 2353 4759 suspi-

782 4784 878 4819 ι’οΓ
902 4770 1021 4823 libri
1070 4769 1329 4841 Epigenis
1360 4788 1483 4827 cum
1517 4772 1661 4829 Ionis
1705 4776 1928 4845 scriptis
1954 4779 2235 4846 conjuncti
2276 4782 2353 4837 fe-

788 4861 1049 4913 rebantur
1080 4881 1093 4916 :
1119 4863 1167 4916 is
1200 4864 1342 4917 enim
1388 4868 1843 4921 commentarium
1877 4868 2079 4924 fecerat
2108 4872 2161 4925 in
2202 4872 2353 4929 Ionis

786 4948 1134 5031 Trapmdias;
1166 4954 1306 5021 quod
1340 4956 1487 5009 scias
1519 4958 1573 5010 in
1632 4959 1888 5013 Athean
1930 4961 2022 5014 lib.
2048 4978 2122 5024 xu,
2149 4979 2268 5032 cap.
2295 4965 2349 5030 5,

783 5049 842 5095 ut.
864 5043 995 5097 nihil
1038 5045 1157 5097 miri
1189 5046 1283 5108 sit,
1304 5046 1349 5101 si
1380 5046 1750 5114 librariorum,
1784 5053 1877 5119 qui
1909 5054 2093 5105 omnia
2133 5065 2352 5123 pertur-

785 5134 915 5188 bant
946 5135 1279 5203 et‘miscent,
1311 5139 1401 5191 alii
1431 5147 1692 5209 tanquam
1725 5141 1879 5198 Ionis
1927 5143 2241 5214 Τριαγμοὶις
2276 5148 2353 5201 in-

784 5226 1134 5297 scripserint,
1172 5229 1265 5283 alii
1298 5238 1356 5284 ut
1384 5229 1666 5302 Epigenis.

852 5318 981 5389 Pag.
1023 5320 1143 5375 181.
1210 5324 1322 5376 Καὶ
1362 5324 1502 5391 μετὰ
1564 5326 1757 5382 Μίνωα
1811 5330 2017 5396 Λὺλέας
2053 5337 2353 5403 τραγικοὺς

781 5411 982 5479 χοροὺς
1012 5411 1304 5482 δραμάτων
1342 5417 1737 5488 συνεγράψατο.
1780 5419 2084 5477 Permirum
2119 5424 2353 5482 fortasse

782 5499 1054 5566 videatur,
1088 5500 1219 5557 Milli
1266 5504 1605 5571 doctissime,
1640 5511 2011 5567 tenebrionem
2046 5515 2197 5569 illum
2239 5517 2353 5569 Au-

785 5591 919 5643 leam
962 5608 1061 5659 pro
1089 5594 1356 5668 Eschylo
1382 5614 1411 5652 a
1434 5598 1649 5657 Joanne
1683 5604 1811 5658 dici.
1849 5605 1989 5670 Quid
2034 5615 2212 5659 autem
2254 5608 2349 5660 ad-

785 5683 1092 5740 mirationis
1137 5688 1317 5751 habet,
1349 5704 1472 5744 cum
1511 5692 1563 5745 in
1609 5696 1866 5748 memoria
1911 5698 2033 5766 quis
2066 5706 2247 5750 teneat
2274 5709 2350 5751 ιιι

789 5771 925 5826 alias
959 5773 1415 5835 hallucinationcs
1466 5780 1743 5837 hominis?
1777 5782 1952 5838 Ellam
2012 5801 2061 5855 p.
2094 5786 2177 5851 7'5,
2219 5791 2351 5841 ([³ίά-

2454 4620 2669 4660 sensem
2697 4624 2710 4659 :
2738 4607 2847 4676 Οὐχ
2874 4604 3036 4679 ἕδρας
3060 4608 3241 4677 ἔργον,
3272 4608 3383 4661 οὐδ’
3406 4608 3674 4678 ἀμϐολᾶς,
3697 4610 3834 4662 ἀλλὰ
3863 4630 4046 4681 χρυσ-

2453 4699 2661 4766 αίγιόος
2721 4700 2956 4763 Ἰτωνίας
3001 4701 3105 4771 χρὴ
3139 4701 3753 4772 παρ“εὐδαίδαλονναδν
3780 4702 4047 4768 ἐλθόντας

2454 4788 2622 4858 ἁϐρόν
2652 4807 2706 4842 τι
2733 4788 2922 4853 δείξαι.
2950 4788 3157 4845 Omnes
3185 4792 3388 4846 Cretici
3410 4802 3604 4861 praeter
3634 4808 3807 4845 unum
3844 4794 4045 4862 pedem

2453 4879 2546 4948 qui
2607 4879 2660 4933 in
2717 4894 2958 4950 pzeonem
3018 4884 3236 4937 solutus
3266 4892 3385 4948 est;
3422 4884 3559 4936 adeo
3602 4890 3685 4943 ut,
3715 4898 3845 4937 cum
3894 4885 4045 4938 hunc

2455 4972 2636 5025 locum
2677 4974 2817 5042 lego,
2854 4988 3041 5028 coram
3073 4976 3253 5030 oculis
3283 4976 3471 5031 videre
3512 4976 3700 5030 videar
3760 4978 4015 5048 ὑπορχου

2456 5065 2649 5134 μένους
2678 5075 2731 5119 et.
2770 5067 3167 5123 subsultantes.
3210 5068 3331 5123 Nec
3374 5079 3555 5123 tamen
3583 5069 3847 5138 princeps
3884 5081 3942 5123 et
3968 5072 4046 5121 in-

2452 5165 2647 5209 ventor
2673 5156 3163 5227 hyporchematum
3228 5159 3622 5231 Bacchylides;
3667 5161 3792 5221 sed,
3829 5173 3891 5215 ut
3926 5166 4047 5230 qni-

2454 5248 2682 5302 busdam
2748 5251 2987 5313 videtur,
3031 5250 3339 5315 Pindarus;
3374 5263 3433 5306 ut
3481 5253 3572 5307 alii
3607 5254 3824 5317 volunt,
3854 5254 4046 5309 Xenn-

2453 5340 2669 5394 damus.
2691 5340 2827 5395 Vide
2856 5343 3212 5408 Clementem,
3238 5342 3577 5408 Athenaeum,
3600 5352 3654 5398 et
3671 5343 4043 5401 Plutarchum

2453 5430 2582 5495 περὶ
2614 5431 2916 5501 Μουσικῆς.

2525 5518 2652 5587 l'ag.
2714 5520 2832 5573 155.
2904 5521 3164 5587 Γλαῦκος,
3224 5522 3476 5593 ίσχυρδς,
3527 5522 3819 5591 φρόνιμος,
3882 5528 4043 5578 εισι-

2454 5610 2572 5679 6ἠς.
2607 5612 2799 5681 Atqui,
2853 5630 2886 5667 ο
2934 5613 3145 5679 λιυιοιιι,
3213 5625 3424 5669 tantum
3486 5616 3664 5676 abest,
3717 5625 3781 5669 ut
3824 5622 4044 5686 sapiens

2457 5702 2620 5754 fuerit
2674 5704 2772 5758 istc
2827 5704 3086 5768 Glaucus,
3128 5718 3183 5758 ut
3238 5707 3358 5772 ejus
3422 5722 3619 5760 nomen
3666 5706 3717 5757 in
3760 5715 4044 5771 prorem-ii

2456 5795 2906 5848 ruusurtmlinrm
2973 5799 3202 5861 venerit,
3258 5798 3322 5849 il»
3382 5798 3601 5849 ll'llltl‘llf
3654 5806 3833 5866 quan
3876 5810 4041 5861 tow,
