4202 6448
138 381 246 440 760

1239 370 1604 430 EPISTOLA
1633 369 1839 426 RICH.
1878 367 2258 427 BENTLEII.

3292 363 3398 426 770

141 498 241 567 qui
292 495 465 550 nescit
527 490 658 560 quid
712 490 783 542 sit
823 487 877 539 in
915 502 1027 539 rem
1056 502 1246 543 suam:
1293 487 1384 554 qui
1447 492 1721 554 permutat

1828 485 2074 553 ποιητὴς.
2108 484 2248 550 οὖχὸ
2284 485 2466 552 ῥήτωρ
2555 492 2608 534 et
2663 478 3026 549 Hieronymus
3059 495 3070 530 :
3102 475 3398 533 Dinarchus

221 588 452 656 Χρυσέα
477 582 790 654 χαλκείων,
818 579 1144 648 ἑκατόμϐοι’
1163 580 1540 633 ἐννεαϐοίων.

147 677 256 732 Sed
280 686 362 730 est
418 675 535 746 |7I_|
581 675 765 743 potius
825 681 886 724 ut
940 671 1146 724 librarii
1202 671 1305 724 hoc
1350 685 1472 724 esse
1505 669 1718 722 facinus

146 771 461 824 existimem
524 764 869 835 (prarsertim
929 763 1118 816 sinon
1182 763 1322 815 idem
1371 762 1518 814 istud
1569 762 1720 827 ἰσχυ-

146 865 244 934 ρὸς
279 860 585 929 ilerasses),
617 868 671 911 et
701 859 1004 910 orationem
1035 871 1160 909 esse
1205 856 1630 908 continuandam
1659 852 1722 904 ad

151 955 255 1007 hoc
279 953 586 1020 exemplum
625 967 636 1001 :
669 949 880 1009 Αἰνείας
904 945 1190 1012 εὑπώγων,
1224 947 1456 1012 γλαυκὸς
1487 942 1725 1010 (ea-sius)

154 1047 445 1116 φρόνιμος,
479 1043 732 1112 εὐσεϐής.
768 1043 1021 1110 Agnosco
1074 1045 1216 1107 pium
1263 1040 1524 1104 Aine-am;
1570 1049 1620 1091 et
1656 1037 1727 1088 ita

151 1133 318 1202 plane
358 1130 598 1185 Isaacius
622 1129 1160 1199 Porphyrogenelus.

225 1223 363 1276 Illud
401 1238 452 1292 p.
486 1221 611 1286 5‘29,
636 1221 745 1274 Καὶ
771 1221 1078 1290 κατηνέχθη
1101 1223 1127 1272 ὁ
1153 1221 1337 1289 Σίμων
1360 1218 1448 1269 ἐπὶ
1473 1217 1569 1286 τὴν
1597 1217 1732 1268 πλα-

154 1317 307 1368 τεξαν
363 1316 461 1367 καὶ
518 1315 782 1384 ἐψόφησε,
835 1314 972 1368 satis
1007 1313 1224 1382 quidem
1266 1319 1629 1380 congruenter
1667 1308 1732 1360 ad

160 1405 552 1460 Hellenismum
598 1405 759 1458 vertit
788 1404 1079 1471 interpres,
1109 1403 1205 1456 sed
1259 1418 1362 1455 non
1396 1403 1643 1469 apposite
1669 1397 1734 1450 ad

160 1501 517 1554 sententiam.
553 1497 692 1563 Quid
734 1497 779 1550 si
809 1497 1234 1564 interpretemur
1267 1495 1328 1547 τὸ
1359 1495 1621 1562 coenas,
1656 1499 1734 1553 ut,

160 1591 310 1661 quod
342 1591 393 1643 in
432 1589 495 1642 N.
528 1588 590 1642 Τ.
627 1589 693 1642 de
742 1587 880 1642 Juda
934 1587 1192 1642 Iscariota
1231 1585 1435 1638 dictum
1467 1593 1572 1643 est,
1618 1582 1740 1635 ἐλά·

160 1700 300 1752 κησε
343 1684 526 1752 μέσος,
564 1683 766 1750 crepuit
813 1679 1057 1734 medius?
1086 1677 1390 1747 Hesychius
1426 1692 1437 1728 :
1486 1676 1740 1732 Ἐλακεν,

163 1776 472 1845 ἐψόφησεν·
517 1783 571 1828 et
617 1775 837 1836 Λακεῖν,
889 1771 1155 1841 ψοφῆσαι.
1202 1769 1401 1840 Pagina
1454 1778 1636 1820 autem
1681 1764 1744 1817 16

1819 589 1991 644 poeta,
2038 591 2138 626 non
2190 575 2384 626 rhetor.
2430 573 2501 626 De
2548 587 2654 640 quo
2712 574 2764 624 in
2824 572 3071 624 diversas
3101 570 3401 625 sententias

1821 669 2002 720 ierunt
2029 669 2128 719 viri
2157 666 2323 720 docti.
2357 663 2531 716 Verba
2584 663 2837 716 Demetrii
2868 662 3129 731 Magnetis
3158 664 3211 716 in
3241 677 3404 731 Opere

1822 758 1960 827 Περὶ
1979 758 2083 808 τῶν
2125 755 2458 826 Ὀμωνύμων
2487 754 2627 823 apud
2663 753 2979 823 Dionysium
3016 752 3187 806 IIalie.
3217 771 3229 806 :
3257 756 3403 804 Δειν-

1833 851 2019 919 άρχοις
2066 849 2121 899 δὲ
2168 846 2487 914 ἐνετύχομεν
2516 847 2826 915 τέτταρσιν.
2877 837 2951 895 ὧν
2979 846 3122 895 ἐστιν
3148 846 3178 897 6
3211 845 3308 910 μὲν
3339 848 3406 895 ἐκ

1825 939 1931 989 τῶν
1968 939 2218 1010 ῥητόρων
2263 936 2368 987 τῶν
2404 936 2664 987 ’Λττικῶν
2687 951 2700 964 ⁸
2744 935 2770 985 6
2805 931 2860 985 δὲ
2903 933 3000 992 τὰς
3027 934 3154 1001 περὶ
3180 934 3402 1001 Κρήτη»

1831 1033 2132 1099 συναγήοχε
2161 1027 2481 1097 μυθολογίας
2501 1043 2513 1056 ·
2537 1029 2563 1077 6
2589 1026 2643 1077 δὲ
2677 1024 3046 1094 πρεσϐύτερος
3079 1023 3176 1092 μὲν
3201 1024 3406 1092 ἀμφοῖν

1829 1122 2058 1181 τούτοιν,
2082 1121 2269 1189 Δήλιος
2290 1120 2345 1170 δὲ
2369 1119 2428 1170 τὸ
2449 1117 2624 1184 γένος,
2654 1114 3219 1185 πεπραγματευμένος
3247 1115 3408 1167 τοῦτο

1835 1214 1930 1281 μὲν
1962 1213 2110 1275 ἔπος,
2141 1210 2295 1262 τοῦτο
2324 1210 2379 1260 δὲ
2409 1209 2667 1276 πρᾶγμα·
2703 1207 2956 1274 τέταρτος
2976 1205 3074 1283 ξιὲὸ
3094 1207 3220 1274 περὶ
3238 1205 3406 1274 Ὀμή-

1838 1320 1928 1372 ρου
1963 1301 2119 1367 λόγον
2178 1297 2557 1357 συντεθεικώς.
2596 1296 2660 1347 Ει
2693 1294 2971 1349 Gerardus
3026 1295 3246 1363 quidem
3271 1293 3409 1348 Vos-

1837 1393 2028 1446 siusin
2062 1391 2320 1460 praeclaro
2378 1404 2542 1457 opere
2595 1387 2667 1440 De
2725 1386 3049 1440 Historicis:
3080 1386 3407 1449 Dinarchus,

1839 1484 1937 1545 ait,
1977 1481 2158 1534 Delius
2192 1480 2462 1534 Cretenses
2512 1479 2726 1545 fabulas
2781 1479 3010 1547 collegit,
3043 1488 3098 1529 ut
3136 1479 3409 1546 cognosci-

1841 1589 1955 1624 mus
1986 1587 2049 1624 ex
2080 1571 2336 1639 Dionysio
2363 1567 2490 1622 Hal.
2541 1567 2750 1620 Vide'ur
2802 1569 2935 1621 idem
2977 1569 3175 1637 signari
3201 1567 3267 1621 ab
3294 1567 3408 1620 Eu-

1843 1664 2006 1725 sebio,
2076 1663 2164 1715 ubi
2195 1662 2258 1714 de
2289 1661 2481 1712 Bacchi
2507 1661 2665 1728 gestis
2704 1659 2938 1728 loquens,
2997 1661 3096 1718 ait,
3133 1660 3243 1736 Ὦς.
3277 1676 3412 1728 φησι

1845 1754 2177 1823 Δείναρχοςὸ
2208 1751 2458 1822 ποιητὴς.
2481 1753 2577 1819 οὐχ
2601 1753 2625 1802 6
2652 1752 2850 1820 ῥήτωρ.
2870 1750 3260 1804 Condonamus
3295 1752 3413 1818 qui-

166 1883 300 1922 sane
332 1866 653 1918 dormitarit
690 1865 980 1932 interpres,
1013 1869 1070 1915 ut
1105 1863 1158 1914 iu
1194 1877 1355 1930 opere
1381 1861 1543 1928 longo
1568 1865 1620 1909 et
1659 1855 1736 1908 in-

1844 1847 1963 1899 dem
1999 1846 2048 1899 ei
2079 1845 2381 1914 ἁμάρτημα
2441 1843 2804 1912 μνημονικὸν
2844 1859 3017 1910 neque
3047 1845 3192 1896 enim
3229 1841 3412 1895 Delius

165 1966 322 2026 grato
346 1957 499 2010 facile
522 1963 686 2026 queat
715 1970 940 2010 somnus
974 1953 1252 2021 obrepere.
1271 1952 1482 2020 Ἀχαΐα,
1505 1947 1734 2016 Πεληνὴ,

167 2052 202 2119 ἡ
238 2049 547 2117 καλουμένη
599 2047 1002 2116 Πελοπόννησος
1025 2062 1039 2077 ⁸
1062 2044 1272 2106 Achn'a,
1316 2043 1532 2101 l’elena,
1557 2056 1672 2109 qum
1689 2049 1737 2091 et

171 2139 561 2209 Peloponnesus
591 2138 733 2190 dicta
757 2147 855 2190 est.
881 2139 1122 2192 Obsecro
1140 2138 1262 2207 quis
1281 2136 1424 2190 istud
1463 2137 1542 2187 vel
1578 2135 1740 2186 larido

171 2231 426 2282 audivit?
467 2229 656 2282 Scribe
708 2229 918 2296 Ἀχαΐα,
980 2229 1220 2298 Πελλήνη
1251 2237 1303 2281 et
1327 2235 1472 2281 verte
1525 2224 1737 2286 Ach/ra,

174 2321 408 2383 Pellene,
435 2332 480 2374 et
509 2337 624 2389 qua:
667 2319 1054 2389 Peloponnesus
1089 2332 1326 2374 vocatur.
1385 2319 1625 2387 Πελλήνη
1659 2327 1742 2370 est

173 2411 381 2464 Aelim-ae
445 2412 597 2464 urbs.
663 2407 800 2464 Vide
863 2411 1225 2481 geographos.
1275 2409 1596 2478 Apollonius
1639 2407 1742 2459 Ar-

172 2517 299 2571 gon.
334 2519 390 2556 t:

259 2591 557 2657 Ἀστέριος
577 2590 644 2642 δὲ
669 2592 765 2643 καὶ
811 2589 1070 2659 Ἀμφίων
1097 2591 1454 2658 Ὑπερασίου
1481 2588 1623 2658 υἷες,

246 2663 564 2726 Πελλήνης
595 2662 892 2728 ἀφίκανον
938 2661 1251 2728 Ἀχαιίδος.

177 2750 386 2805 Vereor
428 2767 493 2806 ne
516 2752 759 2820 putidum
789 2752 859 2806 sit
888 2751 1171 2814 adnotare,
1205 2751 1478 2815 Βούττιος,
1528 2752 1743 2815 Βὸττιος

175 2851 232 2896 et
261 2843 494 2906 Βώττιος
519 2843 709 2898 vitiose
733 2843 838 2898 dici
868 2843 1010 2910 apud
1043 2842 1290 2896 Malalam
1324 2860 1420 2913 pro
1439 2843 1746 2914 Βρούττιος,

177 2937 293 2989 sive
331 2936 600 3004 Βρέττιος.
645 2933 756 2989 Hoc
807 2935 1025 3003 quidem
1070 2935 1408 3002 exploratum
1454 2943 1571 2999 est;
1622 2953 1745 2990 cum

170 3027 420 3080 eamdem
449 3027 604 3094 plane
633 3025 998 3080 narrationem
1025 3040 1087 3079 ex
1115 3025 1302 3079 Brutio
1337 3026 1749 3084 allerautGeor-

185 3120 302 3189 gius
336 3127 387 3171 et
407 3117 790 3185 Hieronymus.
822 3115 897 3170 Ita
941 3133 992 3186 p.
1022 3116 1149 3180 200,
1176 3117 1351 3187 Θάλης
1382 3118 1475 3170 καὶ
1515 3119 1748 3189 Κάστωρ

177 3212 272 3265 καὶ
296 3209 555 3272 Πολύϐιος
586 3208 882 3277 depravate
913 3224 1011 3277 pro
1046 3208 1272 3271 Θάλλος.
1322 3208 1583 3263 Similiter
1604 3212 1748 3264 enim

174 3302 482 3364 Castorem,
516 3300 771 3354 Thallum
808 3307 864 3354 et
899 3300 1182 3370 Polybium
1204 3300 1271 3354 de
1303 3302 1464 3355 rebus
1492 3303 1748 3372 Assyria-

178 3394 263 3446 cis
296 3407 401 3444 una
431 3393 564 3445 citat
592 3391 898 3461 Syncellus.
935 3389 999 3443 Et
1046 3391 1224 3445 adhuc
1257 3408 1310 3461 p.
1340 3391 1434 3445 ﬁt
1494 3393 1750 3447 Callima-

176 3483 318 3538 chus
347 3486 403 3536 ὲν
425 3482 715 3551 Ἐτησίοις,
750 3497 846 3551 pro
875 3482 1096 3544 Αἰτίοις.
1151 3481 1338 3552 Neque
1396 3484 1540 3537 enim
1571 3485 1751 3538 Αἰτίαι

179 3575 582 3637 inscribuntur,
626 3589 692 3627 ne
720 3574 842 3641 quis
874 3582 1041 3636 erret,
1075 3575 1168 3628 sed
1230 3575 1386 3628 Αἴτια
1434 3585 1491 3628 ιιι
1530 3577 1584 3629 in
1628 3575 1753 3646 Epi-

179 3675 485 3735 grammate
515 3667 607 3719 lib.
643 3681 658 3718 ι
687 3664 925 3729 ΑηιΙιοι.,
954 3681 1075 3732 cap.
1109 3665 1216 3719 67:

289 3757 674 3825 Καλλίμαχος
703 3755 769 3808 τὸ
792 3755 1078 3824 κάθαρμα,
1110 3755 1177 3810 τὸ
1213 3757 1505 3826 παίγνιον,
1536 3748 1568 3812 ό
1594 3760 1754 3821 εὐλ-

1323 3829 1332 3896 |
1349 3845 1467 3893 ινος
1511 3830 1678 3895 νοῦς,

283 3896 479 3960 Αἵτιος
499 3898 531 3949 ὁ
557 3894 662 3964 πρά
675 3899 790 3962 φας
819 3895 988 3948 Αἴτια
1013 3894 1420 3965 Καλλιμάχου.

183 3989 414 4057 Appello
453 3987 518 4040 ad
554 3987 945 4055 elegantiorum
988 3986 1270 4040 hominum
1307 3989 1535 4056 judicia,
1570 4004 1752 4042 annon

177 4082 380 4135 melior
429 4079 710 4148 aliquanto
747 4078 817 4132 sit
850 4078 1010 4131 lectio
1050 4093 1114 4132 ex
1161 4079 1480 4147 conjectura
1521 4091 1746 4136 nostra:

287 4171 503 4235 Αἲτιος,
539 4172 570 4222 ό
601 4169 834 4237 γράψας
857 4170 1040 4233 Aleia,
1071 4173 1473 4241 Καλλίμαχος.

183 4261 457 4316 Caeterum
503 4257 617 4330 [72]
659 4259 819 4313 homo
873 4259 1076 4313 Malalae
1132 4263 1578 4331 germanissimus
1626 4261 1754 4315 Ful-

185 4353 408 4422 gentius
464 4348 810 4414 Planeiades,
847 4347 1221 4412 Jentaculum,
1275 4353 1471 4420 illQltil,
1525 4357 1755 4422 gustatio

185 4443 412 4494 dicitur.
448 4439 808 4494 Callimachus
861 4437 1063 4494 Intesia
1089 4457 1106 4493 :
1132 4440 1468 4496 Jentaculum
1521 4445 1756 4512 proferre

185 4535 332 4587 Jori.
395 4531 613 4586 Diceres
671 4531 811 4585 hunc
861 4546 891 4585 a
938 4531 1148 4586 Joanne
1188 4533 1409 4604 Ἐτήσια
1449 4534 1537 4588 illa
1569 4549 1756 4590 mutua

190 4626 437 4690 petiisse.
463 4623 596 4676 Illud
634 4638 758 4676 vero
791 4623 1111 4678 incredibile
1147 4625 1414 4688 videatur,
1438 4627 1755 4698 Cyrenaaum

192 4713 352 4766 illum
387 4712 579 4765 Latine
607 4712 756 4781 loqui
785 4724 838 4767 et
868 4715 1087 4782 quidem
1119 4729 1280 4768 versu
1314 4730 1327 4765 :
1365 4730 1488 4768 nam
1514 4719 1594 4769 sic
1617 4718 1756 4784 lego.

192 4799 494 4853 lentaclum
541 4800 776 4868 proferre
831 4801 1067 4858 Jovi.....
1117 4802 1222 4856 Sed
1275 4806 1471 4859 minuit
1526 4808 1761 4860 admira-

192 4895 422 4952 tionem,
457 4892 601 4960 quod
639 4891 958 4961 Fulgentius
986 4905 1038 4948 et
1078 4893 1311 4949 Muaseae
1343 4895 1677 4965 Εὐρωπιακὰ
1708 4907 1760 4952 et

198 4983 577 5036 [ternosthenis
635 4981 937 5051 Philippica
998 4983 1190 5038 viderit
1256 4985 1449 5039 Latino
1508 5002 1762 5040 sermone

195 5074 534 5140 conscripta.
590 5074 745 5128 Sicut
789 5074 1068 5129 Ovidianze
1101 5076 1266 5131 Ibidis
1295 5088 1452 5133 vetus
1476 5090 1763 5134 enarrator

197 5165 582 5231 putidissimos
636 5181 826 5220 versus
877 5183 1082 5235 eosque
1132 5167 1352 5221 Latinos
1415 5169 1665 5238 Eupolidi
1713 5183 1762 5224 et

197 5254 522 5320 (jocolarem
604 5255 841 5308 hominis
921 5256 1375 5327 confidentiam!)
1457 5255 1764 5314 Democrito

198 5343 425 5412 allitigit.

273 5455 408 5508 Illud
472 5465 730 5524 prmterea
787 5474 908 5528 pag.
943 5460 1032 5525 5‘2,
1071 5461 1264 5526 Καθὼς
1296 5466 1580 5535 Δήμαρχος
1610 5470 1636 5521 6
1678 5487 1764 5522 σο-

200 5545 446 5614 φώτατος
479 5548 850 5616 συνεγράζματο
879 5554 1004 5620 περὶ
1037 5553 1128 5604 τοῦ
1152 5554 1312 5607 αὑτοῦ
1343 5558 1616 5621 Διονύσου,
1647 5576 1766 5614 eor-

202 5647 360 5706 rupte
411 5639 696 5691 exhibetur
747 5643 865 5694 ineo
924 5643 1226 5712 Δείναρχος.
1300 5645 1430 5698 Nam
1505 5650 1768 5719 Georgius

201 5732 446 5787 eamdeu
497 5733 775 5787 historiam
844 5753 1188 5802 tiiezuoraus,
1239 5739 1548 5810 Δείναρχος,
1607 5745 1700 5809 ait,
1743 5748 1768 5797 ὁ

1843 1934 1946 1987 fuit
1982 1934 2325 1988 Cretensium
2383 1933 2689 1985 fabularum
2754 1933 3035 1994 collector,
3085 1932 3178 1987 sed
3213 1948 3416 1986 secun-

1841 2027 1944 2081 dus
1975 2028 2076 2080 iste
2117 2029 2302 2080 neseio
2354 2027 2512 2094 quis;
2546 2040 2703 2093 quem
2746 2024 2834 2076 vix
2894 2033 2975 2076 est
3012 2034 3064 2077 ut
3106 2026 3409 2078 existimem

1841 2116 2210 2184 easversibus
2240 2115 2503 2173 edidisse.
2562 2115 2752 2165 saltem
2799 2113 2902 2166 hoc
2932 2129 3037 2166 non
3067 2115 3410 2181 exploratum

1842 2218 1945 2260 est.
1980 2206 2220 2275 Scaliger
2244 2206 2296 2257 in
2329 2204 2515 2257 Graeca
2556 2204 2772 2257 Iiuscbii
2811 2221 2860 2272 p.
2885 2206 2972 2256 51.
3025 2203 3281 2264 Viderint.
3315 2206 3410 2263 ait,

1842 2300 2054 2360 etuliti,
2114 2315 2180 2350 an
2240 2298 2422 2350 tertius
2483 2295 2872 2349 Dinarchorum
2901 2298 3090 2364 Δήλιος
3132 2296 3194 2349 τὸ
3237 2296 3412 2363 γένος,

1844 2387 2413 2458 πεπραγματευμένος
2499 2387 2658 2439 τοῦτο
2743 2387 2841 2456 μὲν
2911 2387 3079 2452 ἔπος,
3149 2387 3304 2439 τοῦτο
3357 2386 3413 2439 δὲ

1846 2479 2097 2547 πρᾶγμα,
2129 2479 2200 2530 sit
2229 2482 2322 2529 iste
2361 2485 2539 2545 poeta,
2567 2493 2714 2544 quem
2756 2478 2924 2528 innuit
2964 2475 3242 2532 Eusebius.
3271 2475 3414 2528 Nam

1847 2587 1973 2624 sane
1994 2571 2120 2622 mihi
2147 2572 2356 2639 ignotus
2390 2580 2486 2623 est.
2522 2569 2796 2624 Hactenus
2829 2571 3050 2639 quidem
3100 2571 3321 2633 accedo,
3358 2578 3417 2622 ut

1848 2669 1940 2714 aut
1965 2662 2065 2714 iste
2095 2663 2164 2716 sit
2199 2671 2378 2730 poeta,
2414 2663 2478 2714 de
2506 2677 2614 2730 quo
2671 2661 2963 2722 Eusebius,
3005 2671 3097 2714 aut
3135 2663 3316 2716 nullus
3349 2678 3414 2714 ex

1847 2762 2102 2822 quatuor.
2135 2754 2238 2806 Sed
2273 2754 2489 2811 amabo.
2515 2754 2642 2822 quid
2686 2755 2790 2806 sibi
2829 2755 2943 2806 vult
2981 2754 3110 2806 illud
3144 2754 3419 2822 πρᾶγμαῖ

1849 2862 1997 2906 nam,
2033 2855 2298 2914 quantum
2337 2861 2436 2914 ego
2478 2847 2654 2906 video,
2694 2846 2839 2897 nulla
2878 2846 2927 2899 ei
2968 2849 3158 2900 subest
3205 2859 3419 2901 senten-

1850 2940 1920 2989 tia
1954 2953 2128 3005 neque
2185 2938 2433 2989 scientia.
2487 2936 2676 2988 Latine
2735 2935 2814 2990 sic
2860 2947 3084 2990 vertas:
3117 2937 3418 2991 Dinarchus

1850 3026 2031 3096 genere
2062 3028 2261 3087 Delius,
2288 3027 2596 3096 quiuliquid
2615 3028 2774 3089 diait,
2809 3037 2856 3080 et
2889 3028 3094 3096 aliquid
3126 3029 3248 3097 fecit
3281 3028 3415 3102 [73];

1853 3117 1987 3180 sire,
2025 3118 2113 3185 qui
2165 3116 2367 3183 aliquid
2416 3133 2564 3169 rersu
2595 3119 2755 3181 dixit,
2797 3117 2998 3186 aliquid
3027 3135 3078 3171 rc
3104 3121 3240 3188 ipsa.
3283 3120 3420 3173 Pro-

1855 3205 1997 3258 fecto
2025 3223 2130 3258 non
2156 3207 2385 3258 multum
2420 3207 2471 3258 in
2499 3205 2769 3259 Demetrio
2790 3210 3146 3277 perdidimus,
3167 3212 3210 3263 si
3238 3214 3418 3264 omnia

1852 3299 1934 3352 sic.
1967 3298 2121 3350 dixit.
2147 3298 2250 3352 Sed
2276 3299 2468 3366 Opinor
2495 3301 2763 3352 nemiuem
2797 3300 3008 3354 inficias
3031 3302 3259 3366 iturum,
3287 3305 3418 3371 quiti

1851 3389 2151 3443 mutatione
2187 3390 2472 3443 commoda
2500 3399 2551 3441 et
2592 3390 2666 3442 illi
2701 3405 2833 3443 suus
2865 3390 3058 3454 honos,
3090 3400 3142 3445 et
3189 3395 3418 3446 Orationi

1852 3495 1949 3534 sua
1965 3482 2230 3534 sententia
2253 3481 2462 3533 restitui
2491 3481 2679 3549 possit,
2705 3483 2746 3534 si
2770 3482 3006 3549 legamus
3046 3499 3058 3535 :
3088 3500 3421 3554 πεπραγμα-

1850 3571 2108 3636 τευμένος
2160 3571 2314 3622 τοῦτο
2365 3571 2460 3639 μὲν
2516 3571 2679 3634 ἔπος,
2734 3571 2890 3624 τοῦτο
2932 3573 2989 3626 δὲ
3058 3575 3311 3642 γράμμα,
3368 3577 3418 3625 id

1849 3671 1954 3720 est,
1997 3661 2086 3729 qui
2116 3659 2358 3727 quu'dam
2409 3660 2617 3712 heroico
2657 3661 2890 3712 carmine
2938 3665 3272 3730 conscripsit,
3313 3663 3421 3714 alin

1852 3751 2089 3803 oratione
2164 3767 2321 3818 prosa
2375 3767 2391 3803 :
2448 3753 2528 3804 vel
2579 3752 2739 3820 (quia
2787 3751 3130 3830 τ’)ογρὰμμα
3193 3757 3424 3822 quodvis

1854 3842 2042 3910 scripti
2103 3857 2273 3909 genus
2329 3859 2720 3911 nonnunquam
2779 3845 3106 3914 signiﬁcat),
3154 3847 3310 3899 τοῦτο
3368 3847 3424 3899 δὲ

1853 3931 2058 4001 δρᾶμα,
2091 3931 2254 4000 quiet
2285 3941 2525 3999 poemata
2565 3933 2776 3985 hernica
2835 3943 2884 3987 et
2945 3934 3194 3988 dramata
3235 3938 3419 3989 edidit.

1928 4022 2229 4075 Domuinus
2261 4023 2360 4077 iste
2393 4026 2759 4094 χρονογρὰφος
2794 4042 2901 4078 non
2932 4028 3152 4081 aliunde
3193 4045 3358 4098 quam
3396 4048 3422 4081 ει

1859 4113 2046 4166 Malala
2076 4115 2331 4183 cognosci
2369 4124 2566 4182 potest,
2605 4132 2632 4168 a
2665 4133 2776 4184 quo
2802 4119 3107 4185 smpissime
3141 4125 3205 4172 ad
3245 4131 3425 4192 partes

1855 4216 2102 4259 vocatur.
2158 4206 2583 4260 Autiochensem
2650 4208 2820 4264 fuisse
2871 4194 3201 4266 certissimis
3253 4214 3427 4283 signis

1855 4294 2251 4361 deprehendes,
2298 4295 2388 4348 ubi
2445 4312 2541 4363 per
2598 4300 2771 4350 otium
2836 4299 3021 4352 licebit
3083 4301 3232 4355 locos
3292 4304 3426 4356 istos

1857 4385 2189 4437 entisulere:
2235 4387 2593 4452 probabiliter
2620 4390 2786 4439 etiam
2840 4387 3078 4452 dixeris,
3133 4392 3429 4447 deduxisse

1793 4493 1832 4546 ῃ
1862 4491 1984 4527 eum
2018 4476 2300 4529 historiam
2337 4477 2404 4528 ab
2438 4477 2666 4530 exordio
2709 4481 2892 4532 mundi
2942 4497 3114 4550 usque
3156 4483 3221 4536 ad
3254 4483 3428 4537 Justi-

1863 4566 2011 4618 niani
2042 4573 2308 4632 tempora.
2362 4565 2547 4634 Itaque
2593 4567 2820 4620 inclinat
2875 4571 3112 4634 animus,
3173 4582 3231 4625 ut
3284 4575 3429 4628 hunc

1863 4656 2030 4710 fuisse
2083 4656 2411 4710 Domninnm
2465 4659 2615 4709 illum
2668 4659 3000 4722 existimem,
3043 4663 3134 4730 qui
3178 4678 3241 4717 ea
3291 4675 3427 4718 tem-

1863 4756 2071 4815 pestate
2107 4746 2203 4799 luit
2241 4745 2496 4800 Ecclesia}
2521 4747 2912 4805 Antiochensis
2947 4753 3263 4822 episcopus.
3292 4754 3425 4808 Nam

1863 4853 1997 4891 sane
2024 4838 2168 4890 sicut
2195 4838 2282 4890 hic
2307 4854 2335 4890 a
2359 4837 2570 4892 Joanne
2603 4856 2653 4907 p.
2699 4841 2804 4894 265
2863 4841 3105 4898 Doumus
3149 4856 3377 4900 vocatur
3411 4867 3423 4900 :

1865 4929 1936 4979 ita
1971 4928 2133 4980 istum
2166 4931 2529 4997 patriarcham
2557 4931 2605 4982 hi
2640 4929 2932 4995 Domuum,
2965 4935 3041 4985 illi
3072 4934 3425 5002 Domninum,

1863 5019 2158 5087 appellant.
2193 5019 2416 5072 Accedit
2451 5021 2577 5084 hue,
2604 5023 2754 5090 quod
2794 5023 3040 5092 plerique
3085 5041 3301 5090 omnes,
3330 5031 3424 5096 qui

1865 5111 2108 5179 aggressi
2165 5119 2289 5163 sunt
2331 5121 2572 5180 tempora
2623 5116 2973 5179 describere,
3029 5106 3267 5171 'l'uerunt
3309 5122 3428 5187 epi-

1867 5203 2061 5270 St'OpI;
2105 5202 2305 5263 Victor,
2361 5203 2613 5274 Prosper,
2649 5205 3006 5273 Theophilus,
3049 5209 3335 5276 Eusebius,
3374 5223 3427 5267 et

1867 5293 2133 5363 (ieorgius
2156 5309 2448 5365 epierpus
2480 5298 2823 5368 designatus.

1943 5385 2202 5453 Equidem
2254 5388 2463 5452 nescio,
2510 5403 2628 5444 utra
2679 5407 2767 5446 res
2804 5392 3066 5460 majorem
3104 5395 3429 5452 admiratio-

1871 5494 1990 5528 nem
2045 5478 2321 5543 attulerit,
2381 5489 2460 5533 tot
2521 5484 2739 5536 nomina
2800 5483 3084 5538 hominum
3134 5489 3352 5557 propria
3403 5505 3432 5543 a

1869 5566 2076 5620 Joanne
2110 5578 2368 5637 corrupta
2413 5586 2557 5637 esse,
2605 5589 2672 5628 an
2710 5591 2771 5629 ea
2821 5577 3018 5630 menda
3046 5593 3075 5630 a
3113 5577 3434 5636 doctissima

1874 5663 2168 5727 interprele
2221 5663 2556 5718 dissimulata
2601 5668 2770 5724 fuisse
2817 5680 2870 5724 et
2923 5673 3146 5728 silentio
3207 5686 3435 5743 prnder-

1873 5752 2074 5809 missa:
2128 5754 2274 5806 verbi
2315 5758 2486 5823 gratia
2525 5774 2575 5827 p.
2621 5759 2714 5814 101
2762 5771 2813 5816 et
2857 5763 2950 5818 l7l
3008 5765 3301 5837 'I‘usaa'tpto;
3338 5785 3436 5838 pro
