4202 6448
111 395 207 459 173
1173 382 1535 443 EPISTOLA
1567 383 1749 441 ΕΙοΗ

118 503 307 569 phanus
334 512 400 554 ex
426 495 765 566 conjectura,
784 497 1051 563 quantum
1075 504 1178 560 ego
1202 505 1266 544 ex
1297 505 1356 544 re
1387 491 1504 559 ipsa
1525 503 1658 543 con-
1693 501 1730 555 Α

1757 424 1773 441 .
1816 379 2200 441 BENTLEII.

3212 374 3320 439 ’Πι

1829 489 2230 544 Constitueram
2263 485 2351 540 hic
2387 482 2645 554 Epistolre
2676 481 2836 537 finem
2865 479 3142 552 imponere
3175 499 3190 537 :
3225 482 3321 536 sed

111 591 352 656 jecturam
380 587 544 642 facio.
569 584 794 640 Veteres
821 582 1095 637 editiones
1135 586 1529 664 repraesentant
1562 579 1656 631 καὶ
1755 579 2054 636 intervenit
2079 579 2292 632 amicus
2325 590 2499 640 meus,
2530 575 2746 664 aurium
2775 574 3025 627 convicio
3055 575 3324 630 rationein

113 679 324 750 ἁρμονίη
352 694 416 746 γε
451 676 718 746 μρῶπις.
764 673 954 742 Itaque
995 670 1082 724 hic
1121 684 1339 740 quoque
1369 668 1653 738 legendum

111 780 190 826 est
255 769 482 840 ἁρμονίη
557 765 892 837 θεμερῶπις.
977 762 1212 833 liesych.
1292 762 1654 832 Θεμερῶπις,

112 861 351 931 ἑρασμία,
385 858 610 930 ἀγχόνη.
651 857 795 926 Lege
823 855 1065 926 ὲρασμίει
1109 853 1341 924 ἁρμονίη
1363 895 1376 918 ,
1413 855 1657 907 auctori-

112 959 214 1004 tate
250 949 633 1018 Empedoclis:
686 946 792 1002 nisi
837 946 882 1001 si
923 944 1095 997 mavis
1138 945 1376 1014 ἑρασμία
1429 942 1658 1012 αἰσχύνη

111 1057 172 1093 ex
195 1039 429 1108 Eschyli
459 1037 783 1092 Prometheo
806 1055 820 1090 :
856 1037 950 1088 Ἐκ
967 1035 1010 1088 δ’
1027 1034 1226 1103 ἔπληξέ
1256 1052 1354 1104 μου
1380 1035 1476 1101 τὴν
1501 1034 1556 1086 Θε
1568 1050 1659 1102 με-

116 1127 277 1197 ρῶπιν
317 1126 468 1180 αἰδῶ.
521 1124 693 1188 Αἰδὼς
746 1133 832 1180 est
883 1123 1135 1194 αἰσχύνη.
1191 1123 1481 1190 Perperam
1536 1123 1660 1176 huic

113 1219 314 1273 lectioni
358 1217 705 1279 scholiastes,
750 1228 804 1270 et
838 1213 1196 1285 Etymologici
1239 1221 1431 1267 auctor
1469 1212 1662 1282 θερμί-

114 1309 276 1378 ρῶπιν
329 1323 517 1362 vocem
570 1307 725 1360 nihili
787 1313 1154 1375 anteponunt,
1214 1315 1472 1372 tanquam
1538 1303 1662 1371 Osp-

113 1398 398 1466 μαίνουσαν
428 1396 524 1466 τὴν
559 1389 706 1450 ὦπα.
738 1396 904 1465 Atqui
936 1409 1000 1449 eo
1023 1404 1180 1464 pacto
1212 1393 1492 1464 θερμῶπις
1521 1404 1666 1448 esset

109 1489 390 1543 db'endnm
421 1503 433 1540 :
467 1501 643 1554 neque
663 1487 808 1540 enim
836 1485 916 1539 vel
961 1485 1124 1539 fando
1162 1487 1407 1540 auditum
1438 1493 1521 1539 est
1547 1486 1667 1557 θέρ-

115 1593 289 1646 μερος.
316 1576 507 1630 Pollux
539 1585 725 1630 tamen
766 1577 862 1630 lib.
890 1591 962 1640 vi,
993 1591 1042 1629 c.
1075 1575 1142 1628 40
1176 1592 1190 1629 :
1221 1576 1292 1627 Τὸ
1318 1576 1372 1628 δὲ
1400 1575 1668 1646 θερμερύ-

106 1666 287 1717 νεσοαι
317 1665 410 1717 καὶ
453 1664 719 1734 κιχλιδιᾷν
760 1665 1014 1732 κωμικὰ·
1069 1681 1171 1718 ms.
1217 1665 1422 1735 χλιδιᾷν
1454 1667 1533 1720 vel
1569 1683 1666 1717 κυ-

111 1755 362 1824 χλοιδιᾷν,
397 1756 514 1820 lege
547 1753 940 1824 θεμερύνεσθαι
972 1755 1063 1807 καὶ
1095 1755 1297 1825 χλιδᾷν,
1321 1757 1401 1810 vel
1431 1757 1665 1826 χλοιδᾷν,

113 1847 193 1898 vel
227 1845 514 1915 κυλοιδιᾷν.
556 1843 867 1915 Hesychius
899 1861 911 1896 :
942 1843 1205 1914 Θέμερον,
1241 1847 1456 1916 σεμνὸν,
1495 1847 1585 1915 ἀφ’
1613 1840 1672 1899 οὗ
1706 1838 1744 1892 Β

110 1938 202 1989 καὶ
231 1937 289 1988 rb
320 1934 700 2005 σεμνύνεσθαι,
733 1934 1146 2006 θεμερύνεσθαι.
1191 1937 1430 2009 Θεμέρη,
1462 1937 1671 2008 βεσαία,

111 2025 318 2096 σεμνὴ,
359 2024 646 2095 εὐσταθὴς.
679 2025 1119 2097 Θεμερόφρονας,
1161 2028 1435 2093 συνετοὺς,
1465 2028 1676 2099 σώφροο

110 2133 222 2179 νας.
243 2115 345 2170 Sed
368 2123 427 2168 ut
452 2114 774 2184 planissime
791 2120 1044 2182 constet,
1071 2131 1212 2187 opus
1229 2123 1386 2172 estut
1416 2121 1674 2189 str0phen

109 2216 163 2259 et
190 2205 567 2273 antistrophen
601 2205 745 2260 inter
783 2219 842 2259 se
868 2203 1222 2262 conferamus
1255 2225 1268 2263 :
1305 2207 1358 2262 in
1390 2209 1592 2279 quibus
1622 2209 1674 2264 hi

109 2309 302 2350 versus
335 2293 672 2365 respondent
708 2309 772 2349 ex
805 2294 1060 2351 adverso.

193 2407 291 2460 Ἐκ
316 2407 368 2460 δ’
393 2403 622 2476 ἔπληξέ
639 2422 760 2476 μου
788 2405 899 2460 τὰν
922 2405 1252 2476 θεμερῶπιν
1268 2408 1433 2464 αἰδῶ.

198 2423 291 2460 me
316 2423 365 2460 σν
393 2423 510 2460 esu
557 2423 622 2471 ξε
689 2423 760 2460 ου
788 2423 899 2460 ταν
922 2423 986 2462 σε
1030 2424 1252 2476 ερωπιν
1268 2423 1433 2464 atem.

179 2475 464 2546 Νεοχμοῖς
486 2423 555 2529 6';
576 2423 782 2546 νῆιοις
800 2475 951 2544 Ζεὺς
973 2425 1243 2545 «ilotapr
1264 2480 1541 2546 κρατύνει

112 2584 214 2642 Ubi
247 2602 345 2657 pro
373 2584 777 2658 [77].ἁθέσμως
813 2602 879 2642 ex
914 2588 1243 2643 necessitate
1274 2590 1431 2645 metri
1472 2593 1680 2661 conieci

111 2679 397 2749 legendum
433 2694 557 2734 esse
595 2677 823 2741 ἁθετῶς.
862 2677 1040 2746 Quam
1086 2682 1460 2750 conjecturam
1509 2685 1684 2738 tinua-

112 2771 190 2822 vit
249 2767 573 2839 Hesychius.
628 2768 887 2835 Ἀθετῶς,
929 2770 1207 2841 ἀθίσμως,
1253 2772 1285 2842 ἢ
1343 2789 1680 2842 συγκατατε-

111 2858 395 2928 θειμένως.
446 2858 731 2928 Αἰσχύλος.
785 2860 1066 2933 Προμηθεῖ
1103 2862 1389 2934 δεσμώτῃ·
1437 2867 1574 2933 lege,
1621 2867 1681 2918 οὑ

112 2963 273 3015 συγκ.
330 2947 444 3001 sine
474 2963 752 3022 ⁸εοηεοιιειι
812 2960 863 3003 et
924 2949 1304 3020 approbatione
1359 2953 1682 3023 reliquorum

109 3038 349 3092 deorum.
391 3037 655 3108 Respexit
711 3040 779 3095 ad
827 3041 974 3099 hunc
1019 3042 1197 3098 locum
1241 3060 1255 3098 :
1307 3059 1485 3114 neque
1535 3047 1682 3101 enim

111 3129 242 3183 alibi
274 3131 330 3183 in
377 3145 440 3184 ea
477 3130 662 3186 fabula
710 3134 976 3188 occurrit.
1028 3125 1196 3189 Plane
1237 3135 1349 3203 jam
1398 3137 1684 3206 imperitus

110 3220 187 3275 sit
209 3227 446 3291 oportet,
474 3229 569 3275 aut
595 3223 663 3276 ab
701 3223 1006 3279 invidentia
1045 3225 1275 3290 laboret,
1306 3227 1397 3296 qui
1425 3230 1490 3282 de
1517 3227 1682 3298 Θεμα-

111 3307 291 3381 ρῶπιν
314 3318 508 3365 contra
546 3313 746 3366 veniat.
780 3311 1165 3382 Experiamur,
1190 3314 1324 3384 quid
1362 3315 1417 3369 in
1459 3316 1683 3371 alteram

111 3409 328 3466 partem
369 3400 542 3470 possit
591 3399 707 3455 haec
735 3401 1073 3456 observatio.
1113 3402 1431 3473 ﬂesychins
1476 3422 1490 3458 :
1522 3403 1688 3458 'Eva-

110 3507 313 3562 στρος,
359 3492 378 3512 ⁶
405 3489 742 3560 ὡστεμένας,
782 3491 997 3562 ’Δχαιὸς
1036 3493 1405 3561 Ἀλφεσίὸοιαι
1439 3495 1561 3549 ἀντὶ
1593 3495 1686 3550 τοῦ

110 3580 322 3642 ὑαστὰς
345 3581 454 3651 γὰρ
491 3582 699 3652 βάκχας
723 3584 889 3647 ὑάδας
917 3584 1123 3653 ελεγον.
1168 3583 1487 3656 Prodigiosa
1530 3588 1689 3657 plane

109 3672 316 3724 oratio.
357 3669 515 3726 Nunc
555 3673 799 3728 vicissim
830 3691 856 3726 ε
886 3685 1036 3728 muta
1062 3676 1115 3728 in
1148 3692 1224 3738 αι,
1256 3684 1310 3730 et
1341 3677 1459 3747 lege
1485 3697 1496 3732 :
1523 3679 1688 3732 Ἔνα-

108 3777 276 3832 στρος
306 3760 446 3814 ὥστε
487 3763 702 3826 Μαινάς
722 3780 735 3795 ·
763 3764 981 3834 Ἀχαιὸς
1016 3764 1382 3838 Ἀλφεσιϐοίᾳ.
1405 3768 1553 3821 Ἀντὶ
1595 3767 1688 3822 τοῦ

122 3853 282 3914 ’Υάς.
317 3853 428 3914 Τὰς
461 3853 572 3923 γὰρ
623 3854 842 3924 Βάκχας
891 3853 1086 3919 Ὑάδας
1145 3855 1348 3924 ελεγον.
1401 3856 1688 3926 Agnoscis,

105 3944 332 4012 opinor,
360 3944 688 4014 principium
720 3946 924 4000 senarii
960 3961 1023 4000 ex
1056 3946 1240 4001 Achaei
1276 3948 1460 4001 fabula
1489 3949 1690 4018 Alphe-

108 4036 316 4090 siboea.
351 4036 619 4092 Similiter
641 4054 692 4090 οι
727 4039 933 4107 passim
957 4038 1077 4094 loco
1102 4057 1154 4092 υ.
1185 4037 1422 4110 Hesych.
1448 4042 1690 4112 Κοεημα,

104 4124 355 4197 γένημα,
385 4141 485 4195 pro
516 4125 739 4198 Κύημα,
773 4135 825 4181 et
863 4127 984 4182 vice
1023 4143 1180 4183 versa
1214 4129 1532 4199 Στυχιοῦσι,
1579 4131 1693 4184 δια-

104 4215 346 4269 τυποῦσι
367 4257 381 4282 ,
417 4231 518 4287 pro
552 4215 909 4286 Στοιχειοῦσι.
943 4217 1091 4272 Idem
1121 4237 1134 4272 :
1171 4220 1542 4289 Στοιχείωσις,
1573 4220 1697 4274 δια·-

103 4311 384 4374 τύπωσις,
414 4313 448 4382 ἡ
478 4311 672 4382 πρώτη
701 4311 956 4384 μάθησις.
987 4313 1174 4384 Itaque
1195 4314 1395 4371 Suidas
1415 4317 1470 4370 in
1495 4315 1694 4372 Lexico

103 4404 486 4472 diphthongos
514 4421 570 4457 αι
592 4414 646 4459 et
669 4420 720 4456 οι
751 4405 931 4458 alieno
965 4406 1084 4460 loco
1110 4408 1359 4476 proxime
1388 4417 1515 4464 ante
1539 4425 1566 4461 ε
1591 4417 1692 4463 etu

103 4493 424 4546 collocavit.
452 4491 642 4546 Exstat
665 4493 719 4547 in
737 4493 1081 4549 Bibliotheca
1107 4497 1324 4564 publica
1341 4495 1536 4552 Oxonii
1560 4500 1698 4554 liber
1729 4514 1772 4569 υ

103 4585 336 4652 antiqua
377 4596 541 4636 manu
580 4592 819 4649 notatus,
851 4587 1143 4640 continens
1186 4587 1335 4642 mille
1377 4589 1594 4658 regulas
1632 4588 1700 4644 de

104 4682 264 4726 recta
289 4672 569 4726 scribendi
601 4675 816 4730 ratione
847 4692 861 4729 :
897 4691 1134 4746 quarum
1168 4694 1236 4732 ιι.
1261 4677 1460 4734 docent
1483 4684 1700 4750 quando

103 4782 168 4817 αι
205 4764 460 4818 scribere
497 4751 774 4833 oporteat,
830 4775 884 4821 et
938 4768 1166 4836 quando
1218 4787 1246 4823 s
1296 4789 1310 4824 :
1369 4771 1702 4843 totidemque

106 4855 206 4908 ubi
247 4872 322 4918 οι,
362 4863 417 4910 et
459 4855 556 4910 ubi
580 4874 634 4911 υ.
671 4857 808 4912 Eum
863 4857 1152 4927 codicem,
1203 4877 1329 4917 cum
1374 4875 1502 4918 ante
1561 4865 1703 4920 inter

102 4948 452 5012 ἀδεσπότους
487 4950 745 5018 ferretur,
796 4953 1133 5023 deprehendi
1164 4972 1233 5011 ex
1277 4957 1541 5026 prooemio
1577 4973 1701 5012 ver-

104 5041 279 5095 sibus
329 5043 566 5097 senariis
612 5043 828 5114 scripto
874 5045 1072 5102 litteris
1105 5063 1219 5117 prie
1262 5059 1536 5106 vetustate
1567 5067 1704 5121 pene

102 5130 514 5200 eﬂ'ugientibus
559 5134 812 5190 obtutum
865 5137 1182 5203 oculorum,
1229 5139 1536 5212 Theognoti
1584 5157 1705 5198 esse

101 5223 468 5291 grammatici
522 5239 685 5294 quem
742 5225 927 5282 laudat
999 5229 1300 5299 aliquoties
1353 5231 1705 5303 Etymologici

103 5312 389 5381 scriptor.
443 5311 509 5367 Et
559 5314 783 5385 quidem
837 5319 1020 5372 omnia
1073 5319 1149 5374 ibi
1190 5325 1393 5392 reperi,
1433 5341 1554 5394 qua:
1602 5327 1707 5380 iste

103 5402 451 5474 Theognoto
517 5416 742 5477 accepta
812 5411 1025 5465 retulit.
1097 5410 1172 5466 De
1244 5423 1405 5469 aetate
1461 5417 1707 5472 hominis

97 5496 394 5553 rescisces
423 5512 490 5552 ex
538 5498 882 5569 prafatione,
924 5503 1082 5571 cujus
1117 5504 1331 5560 initium
1367 5517 1470 5572 est,

348 5609 615 5692 δεσπόζῃ
640 5617 904 5692 μουκκαι
937 5617 1110 5692 σε)φῷ
1139 5624 1498 5690 στεφηφόρῳ

218 5681 461 5760 ῥέοντι,
497 5681 576 5749 τῷ
601 5681 917 5760 κρατοῦντι
947 5681 1192 5760 πάνὲωτ
1209 5681 1278 5743 ti}
1301 5681 1526 5760 εἰογρίς,

223 5754 574 5823 Θεύγνωτος
596 5757 892 5827 ears-(ardr-
921 5775 1008 5824 τις
1041 5760 1122 5826 ὡς
1144 5759 1229 5812 ὢν
1251 5754 1506 5828 autem".

1761 671 2085 740 efﬂagitans,
2117 683 2216 722 cur
2251 666 2490 721 Joannes
2529 663 2755 718 Malelas
2799 665 2932 718 mihi
2963 665 3200 729 dicatur,
3233 668 3325 736 qui

1763 775 1792 815 a
1832 761 2153 815 Vossiorum
2203 770 2460 827 utroque,
2499 756 2744 822 Usserio,
2787 756 3023 824 aliisque
3071 756 3330 813 omnibus

1763 852 1855 920 qui
1889 851 1942 904 in
1976 852 2120 904 hunc
2147 865 2321 919 usque
2352 849 2495 902 diem
2535 847 2653 916 ejus
2698 847 3029 900 mentionem
3059 845 3342 919 fecerunt,

1765 940 1964 994 Mulela
2005 941 2342 994 nominatur.
2381 939 2493 1009 Ego
2532 951 2682 1000 vero,
2714 937 2960 1006 inquam,
2995 952 3062 990 ne
3093 937 3146 991 in
3178 940 3325 991 viro-

1767 1047 1884 1085 rum
1927 1031 2143 1099 quidem
2201 1031 2563 1083 maximorum
2613 1026 2724 1099 [78]
2763 1029 2925 1082 verba
2974 1029 3322 1097 juraverim:

1767 1121 1860 1174 sed
1892 1121 1946 1174 in
1975 1121 2136 1172 aliam
2171 1119 2515 1180 sententiam,
2544 1118 2632 1171 ubi
2657 1119 3001 1170 commodum
3031 1127 3134 1180 est,
3158 1133 3334 1187 quan-

1769 1226 1930 1280 quam
1991 1211 2240 1275 invitus,
2297 1225 2418 1262 meo
2465 1209 2590 1276 jnre
2649 1208 2894 1263 discedo.
2954 1207 3124 1278 Roget
3173 1210 3335 1277 igitur

1769 1304 2064 1371 quispiam,
2117 1316 2215 1354 cur
2257 1297 2460 1352 Malela
2494 1299 2674 1366 potius
2724 1299 2799 1353 sit
2830 1299 3201 1352 vocitamlus?
3238 1299 3339 1351 hoc

1771 1390 1982 1444 scilicet
2008 1389 2076 1442 ah
2116 1388 2181 1441 iis
2210 1403 2539 1453 responsum
2585 1385 2790 1452 ferret;
2842 1387 2983 1455 apud
3024 1385 3340 1441 Constanti-

1773 1496 1901 1533 nutn
1939 1480 2018 1532 sic
2065 1479 2347 1547 appellari,
2382 1478 2629 1530 Ἰωάννου
2680 1477 2774 1528 τοῦ
2828 1477 3055 1547 inin).er
3094 1477 3337 1540 Μαλὲλα,

1773 1579 1828 1624 ct
1867 1569 2006 1638 apud
2057 1568 2476 1633 Damasccnutn,
2511 1567 2753 1620 Ἰωάννου
2789 1569 2881 1619 τοῦ
2935 1570 3026 1618 καὶ
3073 1567 3336 1620 Μαλάλα·

1776 1675 2043 1730 nusquam
2101 1659 2226 1712 alibi
2281 1659 2738 1720 euunnemorari,
2791 1667 3152 1726 praeterquam
3198 1657 3339 1724 apud

1777 1747 2024 1804 Tzetzem
2062 1749 2311 1816 Ἰωάννης
2343 1763 2425 1808 τις
2460 1746 2722 1814 Με).έ).ης.
2757 1746 2941 1815 Atqui,
2978 1746 3021 1799 si
3057 1747 3128 1798 ita
3165 1760 3252 1799 res
3285 1760 3344 1797 se

1776 1839 1955 1903 habet,
1997 1837 2158 1907 vulgo
2201 1845 2254 1892 et
2303 1837 2506 1907 passim
2553 1837 2792 1905 reperias
2838 1837 2932 1888 τοῦ
2979 1836 3200 1898 Σουίδα,
3249 1836 3341 1888 τοῦ

1776 1929 1979 2000 Θωμᾶ,
2023 1928 2116 1982 τοῦ
2159 1928 2433 1998 Ἀριστέα,
2469 1927 2563 1980 τοῦ
2603 1928 2829 1996 Φιλητᾶ,
2860 1927 2952 1980 τοῦ
2990 1927 3219 1997 Τριόπα,
3247 1926 3341 1979 τοῦ

1777 2022 1986 2084 Σκόπα,
2042 2020 2135 2074 τοῦ
2183 2020 2479 2090 Κρατεύα·
2527 2036 2628 2075 nec
2681 2029 2861 2073 tamen
2913 2029 3201 2088 propterea
3257 2018 3341 2072 vel

1778 2113 1944 2167 Suida
1977 2112 2371 2182 grammaticus
2403 2111 2623 2173 dicitur,
2660 2110 2746 2165 vel
2796 2108 2997 2164 Thoona
3037 2110 3340 2180 apostolus.

1778 2206 1861 2259 vel
1898 2204 2105 2258 Arish’a
2148 2205 2210 2258 de
2245 2203 2433 2258 LXXII
2470 2203 2862 2272 interpretibus.
2894 2201 3065 2271 _Rati0
3098 2204 3345 2257 videlicet

1779 2297 1978 2366 linguae
2003 2295 2204 2350 Graecae
2241 2295 2332 2350 vix
2365 2305 2459 2350 aut
2494 2295 2647 2349 nullo
2690 2294 2853 2349 modo
2885 2289 3141 2362 patia‘t'ur,
3185 2305 3243 2348 ut
3289 2295 3346 2348 in

1779 2387 1821 2440 A
1851 2388 2085 2441 litteram
2122 2387 2298 2440 virilia
2331 2389 2551 2441 nomina
2579 2401 2712 2441 casu
2762 2397 2910 2441 recto
2962 2387 3344 2442 terminentur.

1779 2476 1955 2544 Atque
1979 2491 2042 2530 ea
2073 2490 2238 2530 causa
2267 2483 2374 2542 est,
2404 2490 2505 2530 cur
2527 2476 2810 2546 peregrina
2838 2475 3077 2530 virorum
3102 2475 3344 2538 nomina,

1782 2583 1902 2636 qua:
1953 2568 2008 2622 in
2056 2569 2098 2621 Δ
2148 2576 2368 2631 exeunt,
2417 2583 2446 2621 a
2506 2567 2712 2624 Grecis
2765 2568 3116 2623 inﬂectuntur
3167 2569 3217 2621 in
3260 2553 3345 2632 ας,

1783 2658 2010 2724 Γάλσας,
2032 2657 2259 2722 Σύλλας,
2287 2659 2531 2727 Νουμᾶς,
2558 2657 2813 2725 Σενέκας,
2847 2658 3174 2727 Ἀγρίππας.
3198 2657 3350 2724 Quod

1784 2751 1829 2805 si
1855 2749 1990 2804 adeo
2017 2751 2128 2818 jam
2153 2750 2494 2820 exploratum
2532 2759 2636 2815 est,
2673 2750 3075 2804 nominativum
3103 2748 3348 2803 Graecum

1783 2855 1904 2894 esse
1931 2838 2183 2902 Μαλέλας
2204 2854 2218 2870 ο
2247 2839 2414 2893 nolim
2442 2855 2540 2907 ego
2563 2837 2755 2893 Latine
2776 2849 2991 2894 vertens
3019 2848 3350 2909 postremam

1786 2927 2021 2981 litteram
2059 2925 2298 2996 abjicere
2330 2937 2527 2997 praeter
2566 2943 2771 2982 morem
2812 2936 2866 2983 et
2896 2927 3350 2983 consuetudinem

1783 3032 1974 3072 eorum
2017 3024 2347 3086 temporum,
2383 3017 2586 3087 quibus
2625 3010 2858 3073 maxime
2897 3019 3068 3088 viguit
3097 3019 3270 3073 honos
3299 3029 3354 3073 et

1787 3107 1961 3177 gratia
2018 3107 2199 3164 Latini
2252 3109 2546 3166 sermonis.
2602 3108 2944 3166 Vetustiores
3001 3111 3256 3180 quidem,
3299 3121 3357 3165 ut

1789 3209 1980 3253 auctor
2015 3208 2097 3255 est
2119 3200 2494 3266 Quintilianus
2524 3201 2617 3256 lib.
2657 3218 2695 3266 ι,
2740 3217 2792 3257 ο.
2831 3201 2885 3270 5,
2923 3219 3024 3256 non
3059 3204 3113 3257 in
3149 3221 3181 3257 a
3236 3214 3284 3257 et
3329 3220 3356 3258 s

1790 3290 1995 3346 litteras
2028 3293 2172 3345 exire
2208 3301 2396 3346 temere
2424 3292 2720 3346 masculina
2749 3291 2936 3348 erca
2961 3301 3178 3348 nomina
3217 3307 3356 3350 recto

1791 3399 1920 3436 casu
1953 3383 2310 3452 patiebantur.
2349 3383 2573 3454 Ideoque
2595 3397 2641 3440 et
2682 3386 2822 3454 apud
2854 3386 3075 3441 Cazlium
3115 3388 3357 3459 legimus,

1791 3473 1938 3529 Pelia
1977 3475 2374 3542 Cincinnatus;
2427 3487 2476 3530 et
2520 3476 2660 3544 apud
2705 3477 3050 3546 Messallam,
3084 3479 3359 3535 Benefecit

1793 3564 2025 3632 Euthia;
2067 3574 2114 3620 et
2154 3565 2292 3635 apud
2322 3565 2659 3634 Ciceronem,
2702 3568 3073 3639 Hermagora;
3110 3587 3170 3624 ne
3201 3573 3360 3624 mire-

1795 3673 1933 3719 mur,
1952 3659 2087 3726 quod
2116 3659 2177 3712 ab
2207 3661 2540 3729 antiquorum
2569 3661 2825 3731 plerisque
2846 3661 3017 3717 Enea
3045 3673 3092 3717 et
3119 3664 3358 3718 Anchisa

1795 3750 1862 3803 sit
1903 3749 2098 3805 dictus.
2141 3750 2462 3807 Priscianus
2495 3752 2589 3806 lib.
2620 3769 2650 3806 v
2684 3771 2696 3806 :
2743 3755 2889 3821 Apud
2928 3754 3137 3810 Cra'cos
3181 3757 3237 3810 in
3295 3775 3358 3820 ας

1795 3841 2109 3907 desinentia,
2143 3844 2281 3912 apud
2310 3862 2404 3900 nos
2438 3847 2489 3899 in
2513 3863 2545 3899 a
2571 3847 2960 3913 terminantur;
2986 3855 3043 3900 ut
3069 3849 3356 3919 Μαρσύας,

1796 3933 2037 4000 Σωσίας,
2095 3934 2332 4005 Βυρρίας
2393 3936 2670 4006 Χαιρέας,
2724 3937 2988 4008 Τουρίας,
3041 3938 3358 4009 Βαγράδαςῖ

1797 4023 2040 4094 Marsya,
2069 4023 2251 4090 Sosia,
2283 4025 2536 4098 Byrrhia.
2576 4027 2815 4094 CIuerea,
2863 4028 3045 4094 Turia,
3085 4029 3357 4100 Bagrada.

1797 4113 1945 4170 Libri
1987 4125 2168 4172 autem
2217 4132 2300 4182 vt,
2346 4133 2398 4187 p.
2429 4118 2528 4173 68!
2572 4126 2628 4174 et
2679 4120 2800 4184 70l,
2855 4120 3157 4190 plerumque
3195 4125 3269 4177 ait
3307 4133 3362 4177 et

1798 4207 2092 4276 frequenter
2116 4207 2219 4261 hoc
2245 4207 2362 4262 fieri
2402 4208 2598 4264 solere.
2643 4208 2708 4264 Et
2751 4209 2836 4264 his
2875 4209 3130 4265 fortassis
3166 4219 3362 4265 auctu-

1799 4298 1950 4353 ribus
2008 4299 2146 4352 tueri
2195 4314 2256 4352 se
2288 4314 2450 4371 posse
2499 4299 2858 4366 arbitrentur,
2886 4300 2980 4370 qui
3015 4317 3046 4357 e
3080 4304 3361 4357 contraria

1800 4397 1954 4458 parte
1983 4388 2194 4444 dicunt.
2232 4389 2360 4442 Mihi
2403 4407 2533 4445 vero
2569 4391 2729 4462 longe
2761 4392 2977 4446 videtur
3023 4407 3185 4448 secus
3220 4410 3234 4448 :
3267 4394 3363 4448 sed

1800 4490 2015 4551 Oportet
2049 4481 2192 4534 haud
2235 4481 2426 4550 jejune
2462 4482 2529 4536 de
2557 4483 2657 4537 hac
2705 4497 2891 4548 causa,
2933 4492 2985 4538 et
3016 4491 3272 4553 tanquam
3309 4486 3363 4538 in

1802 4573 2056 4638 transitu,
2081 4571 2174 4626 sed
2203 4573 2360 4642 plene
2386 4573 2716 4644 copioseque
2750 4575 3052 4644 disputare.
3087 4574 3367 4645 Principio

1802 4667 1954 4721 nulla
2009 4666 2386 4720 controversia
2421 4675 2528 4729 est,
2570 4669 2702 4736 quin
2751 4668 3003 4738 indigena
3047 4668 3366 4724 Latinorum

1802 4771 1985 4811 sermo
2033 4757 2241 4811 nullum
2291 4757 2549 4812 habuerit
2606 4759 3002 4813 nominativum
3048 4760 3100 4813 in
3148 4778 3206 4814 as
3243 4779 3367 4816 cum

1803 4849 2044 4917 genitivo
2101 4848 2458 4919 ισοσυλλάσῳ.
2513 4849 2861 4921 Quapropter
2891 4851 3218 4921 antiquitus.
3255 4853 3371 4908 sive

1803 4941 2028 4996 Graccus
2063 4941 2334 5010 quispiam
2390 4942 2444 4995 in
2499 4940 2693 4996 Latina
2731 4944 2956 4998 civitate
2991 4944 3222 5008 viveret,
3254 4946 3372 5000 sive

1805 5031 1991 5087 Graeca
2016 5031 2220 5100 scripta
2253 5031 2304 5085 in
2341 5030 2599 5086 Latinum
2635 5042 3114 5096 converterentur,
3154 5035 3370 5102 ejuscc-

1806 5122 1951 5178 modi
1987 5125 2204 5178 nomina
2239 5138 2339 5193 per
2365 5140 2397 5176 a
2421 5123 2742 5193 plerumque
2769 5124 3012 5180 scribere
3047 5136 3100 5180 et
3128 5142 3373 5196 pronun-

1807 5217 1946 5269 tiare
1976 5216 2181 5286 placuit
2212 5213 2350 5286 [79}.
2385 5217 2561 5284 Atque
2597 5215 2698 5270 hoc
2725 5216 2945 5284 quidem
2977 5232 3042 5272 ex
3079 5217 3295 5287 ingenio
3320 5229 3372 5272 et

1808 5306 2210 5361 consuetudine
2253 5307 2454 5376 lingua:
2484 5299 2793 5362 vernaculae
2831 5309 2900 5361 ab
2936 5309 3004 5362 iis
3041 5316 3126 5363 est
3158 5308 3374 5363 factita-

1808 5409 1942 5455 tum.
1974 5399 2182 5454 Comici
2225 5400 2390 5470 igitur
2434 5401 2487 5454 in
2524 5400 3215 5470 Grateisjnterpretandis
3253 5419 3374 5457 eam

1808 5492 2072 5545 rationem
2144 5499 2476 5557 tenuerunt;
2537 5491 2789 5556 ρήσει-θα,
2871 5492 3059 5558 Sosia,
3122 5493 3376 5564 Byrrhia,

1810 5566 2032 5649 Plania,
2075 5581 2272 5646 Clinia,
2319 5581 2537 5645 Demea,
2582 5583 2857 5649 Pltwdria,
2887 5582 3252 5654 proferentes.
3287 5588 3380 5642 M-

1810 5676 2008 5728 lnit‘tlm
2063 5673 2288 5728 auribus
2343 5675 2487 5743 vulgi
2546 5675 2650 5729 ista
2705 5674 2997 5729 dabantur.
3050 5675 3160 5731 Nec
3201 5687 3377 5737 lamcn

1810 5766 2037 5821 deerant
2071 5766 2232 5821 etian
2283 5769 2505 5837 antiqua
2545 5767 2636 5821 illa
2691 5768 2954 5823 memoria
3000 5769 3168 5840 (pace
3209 5772 3374 5838 Quin-
