4202 6448
750 430 847 467 '77P.

764 431 852 488 ῗῖῧ
1645 418 1738 478 DE
1792 415 2108 477 ιωλκκιδ
2144 410 2423 472 MALAL!

2335 405 2466 470 tua
2498 399 3147 468 CHRONOGRAPHL-t
3338 378 3345 391 ’
3925 404 3994 466 π

751 534 930 587 tumai
961 530 1240 599 dixerim),
1274 527 1365 598 qui
1401 524 1466 579 ad
1492 526 1805 579 Graecorum
1838 521 2145 591 exemplum
2180 520 2335 571 iusti-
2367 538 2406 589 Α
2440 512 2653 581 Lysias,
2684 519 2736 564 ct
2768 513 2939 579 siqua
2978 512 3203 565 similia.
3243 506 3377 562 Nam
3408 507 3474 562 de
3510 505 3835 578 llrrtuagara
3867 516 4033 565 an-

759 634 977 679 luerent
1012 624 1156 691 loqui
1204 638 1215 674 :
1258 627 1521 688 quantum
1564 632 1626 671 ev
1670 630 1856 669 eorum
1910 611 2157 679 reliquiis
2191 624 2323 661 con-

759 716 969 785 jectura
1024 711 1285 781 consequi
1335 724 1578 778 possunt.
1635 705 1789 774 Apud
1823 703 2055 757 Gellium
2110 701 2201 753 lib.
2246 714 2324 762 tu,

760 825 810 862 c.
849 808 899 868 7,
935 805 1097 860 verba
1147 813 1273 857 sunt
1317 801 1542 855 Catonis
1586 796 1869 858 Censoris,
1903 795 2024 863 qui,
2074 808 2136 847 ea
2189 800 2326 844 tem-

760 908 969 968 pestate
1026 897 1081 949 in
1134 893 1267 963 Rep.
1325 891 1542 953 ﬂoruit,
1584 905 1688 958 qua
1731 888 1956 941 Plautus
2001 886 2054 939 in
2118 898 2323 939 scena:

760 985 1020 1039 Leonidas
1060 982 1480 1037 Lvicedwmonius
1504 980 1790 1042 laudatur;
1831 977 2023 1030 Plauto
2057 983 2237 1029 tamen
2275 974 2324 1025 iit

758 1080 1011 1132 Asinaria
1049 1090 1240 1129 servus
1275 1074 1478 1126 dicitur
1508 1069 1765 1124 Leonida.
1790 1068 2056 1122 Claudius
2091 1065 2328 1130 Quadri-

760 1170 949 1237 garius
979 1167 1117 1235 apud
1150 1164 1382 1219 Gellium
1420 1164 1457 1216 l.
1495 1179 1574 1224 ιιι,
1611 1178 1660 1215 c.
1702 1164 1777 1215 ὃς
1818 1157 1897 1212 Ad
1932 1174 2023 1210 nos
2056 1156 2189 1209 venit
2227 1153 2326 1205 Νι-

756 1266 868 1313 cias
902 1258 1190 1325 familiaris
1225 1266 1367 1309 tuus.
1402 1254 1645 1307 Lucilius
1687 1249 1828 1317 apud
1872 1249 2138 1301 Donatum
2171 1263 2183 1299 :

828 1348 963 1401 Aute
989 1350 1323 1418 foresautem
1360 1357 1409 1398 et
1445 1341 1854 1418 tricliui‘limiua
1879 1340 2098 1418 quidam

828 1408 1067 1471 Perdi'tu'
1096 1416 1293 1470 Tiresia
1323 1416 1458 1468 tussi
1486 1412 1790 1482 grandweu’
1820 1408 2077 1479 gemebat.

759 1527 861 1582 Ubi
888 1526 1171 1594 legentium
1199 1533 1282 1579 est
1309 1523 1538 1577 Tiresias
1570 1538 1588 1576 :
1617 1522 1721 1575 nisi
1752 1522 1797 1575 si
1832 1520 2095 1591 syllabam
2133 1527 2326 1572 natura

758 1618 975 1669 brevem
1000 1624 1221 1683 pmpter
1239 1629 1504 1667 caesurum
1522 1612 1749 1682 produci
1769 1612 2071 1664 cxiSIitnas.
2096 1610 2329 1663 Priscia-

759 1721 864 1757 nus
911 1706 1004 1759 lib.
1035 1723 1083 1759 γι
1117 1725 1127 1757 :
1164 1705 1267 1759 Hic
1318 1704 1567 1770 Calchas,
1592 1704 1941 1767 Calchantis;
1971 1705 2206 1771 quamvis
2247 1705 2328 1755 hic

760 1795 1009 1857 Calchas,
1046 1797 1202 1864 hujus
1257 1795 1501 1858 Call-law,
1570 1794 1922 1863 antiquissimi
1970 1793 2324 1845 declinabant.

2437 606 2610 664 ronis,
2638 620 2822 657 \‘i‘I'CtH
2873 618 2940 655 ne
3003 603 3201 656 vitioso
3238 602 3427 654 Codice
3458 616 3592 655 usus
3626 599 3693 653 sit
3724 600 4033 664 Quintilia-

2434 713 2557 751 nus.
2590 694 2841 748 Proiecto
2876 698 3021 746 enim
3074 707 3266 745 omnes
3308 692 3558 753 omnino,
3599 691 3690 757 qui
3731 706 3885 744 nunc
3935 707 4034 742 sn-

2436 799 2683 860 pcrsunt,
2715 804 2845 842 mss.
2875 795 3202 841 constanter
3243 786 3446 839 habent
3497 784 3883 854 Hermagoras.
3925 784 4034 839 Sed

2434 883 2632 936 melius
2686 891 2771 933 cst
2822 896 2889 933 ex
2937 880 3072 948 ipsis
3135 879 3272 933 locis
3324 878 3765 946 experimentum
3824 877 4033 945 judicii

2433 990 2651 1042 capere,
2681 974 2823 1025 liliro
2871 974 3048 1039 priuio
3079 970 3154 1024 De
3186 971 3476 1023 inventione
3503 985 3519 1021 :
3547 968 3720 1029 Huius
3756 970 4034 1022 constitu-

2434 1064 2593 1117 tionis
2648 1063 3004 1130 Ilermagoras
3065 1062 3303 1113 incentor
3356 1076 3465 1113 esse
3516 1062 3865 1112 existimatur
3917 1076 3935 1111 :
3984 1072 4032 1111 c'

2436 1154 2635 1206 iliidem
2676 1173 2687 1206 :
2740 1153 2892 1218 Quod
2929 1152 2974 1204 si
3023 1168 3269 1220 magnam
3305 1152 3357 1203 in
3405 1152 3485 1203 his
3530 1148 3903 1218 Hermaguras
3938 1156 4037 1201 ha—

2436 1246 2631 1296 buissct
2678 1243 3009 1311 facultatem.
3058 1240 3284 1309 Repone
3316 1242 3407 1294 hic
3443 1241 3750 1310 paulisper,
3793 1238 4037 1293 Henna.

2434 1354 2562 1406 gora
2598 1337 2853 1397 inventor,
2889 1343 2941 1387 et
2974 1335 3304 1404 Hermagora
3333 1336 3647 1397 habuisset;
3685 1354 3796 1389 non
3852 1342 4036 1390 sentis

2437 1426 2704 1477 vocalium
2738 1439 3069 1476 concursum
3112 1432 3263 1479 vaste
3303 1425 3585 1478 hiantem?
3621 1424 3733 1494 Ego
3770 1440 3907 1478 vero
3946 1427 4038 1477 Ci-

2436 1530 2691 1567 ceronem
2741 1515 2813 1567 ita
2871 1514 3168 1583 scripsisse
3198 1531 3266 1568 ne
3318 1515 3424 1585 ipsi
3479 1515 3701 1584 quidem
3766 1515 4035 1569 Ciceroni

2436 1605 2723 1659 allirmanti
2752 1604 3104 1658 crediderim.
3149 1604 3290 1669 Quid
3319 1604 3500 1659 dicam
3535 1606 3600 1659 de
3652 1607 4039 1675 scriptoribus

2436 1700 2534 1752 teri
2592 1697 2917 1766 Augustini?
2963 1698 3093 1765 quid
3150 1697 3218 1749 de
3289 1698 3695 1766 insequentium
3766 1699 4043 1750 cctatunz?

2438 1806 2630 1858 nempe
2679 1790 2871 1842 eadem
2919 1797 3032 1841 tum
3078 1789 3420 1842 consuetudo
3471 1789 3723 1851 invaluit,
3783 1798 3841 1840 ut
3885 1789 3941 1840 in
3979 1807 4040 1851 τις

763 1888 865 1939 Sed
898 1890 948 1939 in
983 1889 1065 1940 his
1093 1889 1226 1941 locis
1248 1888 1478 1941 fortasse
1498 1886 1629 1940 lides
1651 1885 2050 1955 exemplarium
2075 1894 2325 1951 suspecta
2362 1901 2399 1954 ῃ
2432 1882 2689 1933 caderent
2719 1877 2907 1932 Graéca
2945 1878 3187 1931 nomina.
3218 1876 3393 1947 Spero
3427 1878 3559 1930 mihi
3594 1877 3757 1931 ﬁdem
3800 1880 3954 1945 apud
3992 1892 4040 1929 te

759 1992 880 2030 csse
905 1982 1079 2046 possit
1115 1997 1127 2030 :
1162 1978 1214 2030 in
1250 1976 1343 2030 illo
1374 1974 1532 2029 Plinii
1580 1976 1676 2028 lib.
1728 1990 1891 2036 xxxv,
1923 1990 1972 2028 c-.
2013 1974 2099 2035 ill,
2147 1974 2326 2026 nullus

761 2075 925 2123 datur
960 2068 1255 2136 suspicioai
1282 2070 1435 2121 locus
1465 2085 1478 2120 :
1509 2066 1665 2119 Decet
1693 2083 1794 2118 non
1826 2065 1974 2118 sileri
2004 2076 2051 2118 el
2083 2064 2326 2117 Ardentis

763 2161 939 2226 templi
968 2161 1240 2226 pictorem,
1289 2160 1582 2226 pra’sertim
1631 2158 1841 2209 civitate
1887 2155 2141 2209 donatum
2177 2156 2247 2206 ibi
2282 2164 2328 2205 ct

762 2253 1014 2314 carmine,
1050 2250 1187 2319 quod
1220 2260 1295 2303 est
1323 2251 1375 2302 in
1412 2252 1521 2316 ipsa
1553 2250 1762 2316 pictura
1802 2247 1882 2300 his
1914 2245 2145 2299 versibus
2180 2259 2197 2295 .·

876 2366 1056 2434 [tignis
1080 2366 1240 2434 digna
1272 2364 1387 2416 loca
1418 2364 1635 2427 picturis
1668 2360 2030 2434 coiidecorarit

868 2429 1077 2504 Regium
1103 2429 1319 2487 Jitnoui'
1346 2434 1585 2500 Supremi
1602 2433 1843 2504 conjugi'
1867 2429 2121 2504 templum

874 2501 1088 2559 Marcus
1117 2505 1318 2557 Ludius
1356 2504 1536 2556 Elotas
1570 2501 1771 2555 Aftoliu
1796 2503 2072 2564 oriundus,

768 2577 931 2643 Quem
957 2591 1091 2627 nunc
1107 2585 1281 2636 etpost
1301 2576 1573 2641 semperob
1593 2583 1757 2625 artem
1784 2572 1916 2623 hanc
1936 2572 2108 2623 Ardea
2128 2568 2331 2622 laudat.

769 2689 851 2742 Ea
881 2696 998 2740 sunt
1047 2687 1243 2753 scripta
1281 2685 1510 2752 antiquis
1543 2682 1731 2735 litteris
1765 2680 1989 2734 Latinis.
2038 2678 2223 2732 Elotas
2255 2683 2337 2730 est

772 2781 1031 2841 Εἱλώτας,
1065 2778 1311 2845 εἰλώτης.
1360 2775 1627 2829 Gruterus
1675 2774 2017 2844 Epigramma
2060 2773 2161 2824 hoc
2214 2787 2337 2838 pro-

772 2874 897 2932 l'ert,
918 2880 1178 2938 tanquam
1207 2883 1234 2919 :t
1260 2866 1560 2921 Boissatdo
1585 2868 1759 2920 visunt
1799 2867 1851 2917 in
1883 2864 2057 2916 hortis
2084 2861 2214 2914 Julii
2238 2859 2334 2929 ‘lll,

771 2966 975 3019 I’outil.
1004 2962 1275 3016 Romuli:
2052 2954 2060 2960 ”

841 3056 1006 3123 Digne
1046 3052 1391 3121 doctiloqueis
1435 3050 1709 3116 pictureis,
1753 3059 1804 3103 et
1844 3063 1965 3117 qua:
2010 3056 2335 3115 sequuntur.

772 3147 901 3201 Sine
925 3144 1379 3199 dubio‘l'alsarius
1404 3146 1604 3212 aliquis
1634 3143 1687 3194 in
1728 3141 1904 3209 lapide
1932 3141 2337 3193 inscribendum

2429 1988 2593 2037 esse;
2645 1988 2713 2024 ne
2770 1986 2997 2024 necesse
3052 1971 3280 2024 habeam
3351 1970 3567 2023 inﬁnita
3626 1970 3713 2022 hic
3777 1986 4038 2037 exenpm

2431 2077 2778 2116 enumerare.
2835 2060 2995 2125 Quod
3037 2069 3219 2113 tamen
3270 2076 3394 2113 cum
3441 2062 3765 2130 exceptione
3816 2063 4040 2113 dictum

2432 2154 2634 2217 velim;
2665 2162 2745 2216 ut,
2782 2167 3101 2221 quanquam
3133 2152 3337 2205 eruditi
3388 2152 3639 2205 homines
3673 2168 3826 2211 eum,
3871 2170 3965 2221 qui
3992 2170 4039 2203 ιιι

2433 2243 2585 2306 dixi,
2640 2259 2845 2296 morem
2909 2245 3542 2307 servaverunt,nomina
3608 2254 3788 2296 lauictt
3842 2261 4041 2297 scrin-

2435 2347 2590 2393 rutn,
2646 2340 2739 2383 aut
2794 2331 3145 2402 quicunque,
3204 2340 3265 2384 ut
3316 2333 3593 2402 principio
3628 2332 3769 2393 disi,
3815 2334 3875 2385 in
3936 2333 4040 2385 La-

2438 2422 2550 2474 tina
2582 2422 2808 2474 civitate
2831 2423 3034 2485 vixere,
3062 2418 3176 2494 [8i]
3198 2423 3439 2490 vulgaris
3473 2440 3625 2485 usus,
3666 2440 3838 2493 penes
3874 2442 3930 2492 ιιι
3958 2446 4038 2475 ea

2432 2512 2525 2579 jus
2564 2522 2646 2567 est
2682 2512 2964 2581 loquendi,
3004 2514 3325 2582 plerumque
3370 2515 3740 2568 immutaverit
3778 2515 3847 2567 ad
3891 2516 4041 2567 Lali-

2438 2618 2562 2654 nam
2620 2602 3102 2655 consuetudine-tn.
3159 2603 3285 2655 Inde
3342 2611 3426 2657 est
3489 2604 3629 2672 apud
3675 2605 4039 2663 Ciceroneni,

2439 2690 2645 2743 Phania
2698 2692 2854 2759 Appii
2904 2691 3154 2743 libertus.
3211 2690 3438 2743 Frustra
3493 2694 3637 2745 enim
3681 2694 4041 2760 griccissaid

2439 2784 2735 2844 dominus,
2793 2799 2917 2834 cum
2981 2783 3047 2835 ab
3105 2783 3360 2835 munibus
3422 2787 3706 2836 conservis
3765 2797 3815 2835 ct
3894 2794 4044 2836 ιιυιις

2439 2877 2556 2929 sine
2600 2892 2627 2937 ς
2684 2876 2862 2927 littera
2896 2874 3103 2925 Phania
3148 2875 3195 2928 is
3230 2875 3549 2927 vocabatur.
3610 2874 3711 2927 Sed
3773 2892 3802 2927 a
3862 2876 4044 2928 Plinio

2358 2987 2362 2990 ’
2442 2974 2773 3021 memoratur
2810 2952 3042 3018 Phanias
3090 2964 3335 3034 physicus
3367 2975 3385 3018 ':
3416 2982 3608 3034 nctizpc
3642 2969 3685 3020 is
3730 2970 3783 3019 in
3820 2967 4041 3020 Grzecia

2442 3058 2608 3111 vitam
2664 3065 2889 3133 cgcrat,
2946 3058 3158 3110 nullum
3193 3056 3461 3109 habuerat
3504 3057 3686 3109 l‘ttuizc
3746 3058 4041 3110 dominum

2444 3156 2535 3200 aut
2571 3156 2879 3215 patronum.
2930 3146 3059 3197 Inde
3106 3145 3237 3197 illud
3289 3145 3524 3217 Horatii,
3561 3146 3754 3197 Crcdat
3809 3147 4044 3199 λιιηῖηιις

772 3249 1083 3300 curaverat,
1144 3252 1173 3290 a
1231 3237 1408 3290 Plinio
1469 3236 1520 3288 id
1568 3244 1866 3287 mutuatus.
1909 3233 2160 3286 l’I'ofeclO
2206 3232 2341 3283 male
2369 3252 2409 3309 ο
2445 3238 2650 3305 Apella,
2687 3238 2738 3289 id
2777 3246 2882 3297 est,
2921 3238 3102 3304 quivis
3141 3220 3363 3288 Jmlauis
3398 3254 3409 3288 :
3447 3247 3503 3288 ut
3533 3243 3707 3290 locum
3742 3240 4045 3304 explanesn

774 3350 992 3399 operam
1054 3331 1184 3384 lusit
1222 3330 1276 3382 in
1328 3344 1489 3382 versu
1545 3330 1722 3396 pritno
1772 3325 2119 3394 corrigendo.
2163 3323 2341 3375 liditio

778 3424 979 3478 Veneta
1007 3422 1135 3475 anni
1176 3434 1551 3489 Iccccuxxnt
1607 3419 1770 3472 habet
1802 3416 1987 3487 Dignis
2011 3417 2170 3484 digna
2205 3414 2337 3468 loco.

775 3514 918 3581 Lego
955 3514 1119 3581 igitur
1153 3528 1165 3564 :

882 3628 994 3700 [So]

778 3720 1018 3775 "uendls
1042 3761 1053 3772 I
1100 3788 1311 3841 Samnis
1336 3803 1558 3857 spurcus
1596 3787 1749 3839 homo
1792 3788 1895 3839 rita
1922 3785 2017 3838 illa
2045 3783 2225 3925 digpu‘
2262 3784 2341 3835 lo-

2162 3870 2340 3921 coque.

2162 3870 2340 3921 coque.

782 3952 982 4019 Dignus
1010 3952 1122 4003 loco
1149 3960 1231 4005 est
1258 3950 1378 4001 Τῶν
1398 3947 1576 4018 μέσων
1597 3962 1609 3976 ·
1641 3956 1696 4001 et
1723 3947 1777 4001 in
1806 3949 2002 4001 bonam
2033 3946 2113 3999 vel
2149 3946 2342 3997 malam

782 4052 987 4110 partem
1019 4044 1141 4110 capi
1185 4050 1385 4110 potest.
1422 4039 1567 4093 Nihil
1598 4040 1781 4094 verius
1811 4042 1912 4092 hac
1939 4036 2341 4092 emendatione.

782 4134 835 4183 lu
874 4132 1060 4184 eadem
1106 4142 1189 4184 est
1225 4131 1468 4185 editione
1497 4129 1707 4184 Etolia
1725 4131 1996 4191 oriundus,
2037 4130 2195 4195 longe
2225 4128 2345 4197 qui-

780 4226 902 4275 dem
952 4224 1169 4281 melius,
1207 4238 1369 4291 quam
1412 4224 1555 4291 quod
1600 4224 1656 4275 in
1693 4221 1872 4276 indice
1922 4221 2185 4290 Scaligcri
2239 4229 2343 4282 est,

782 4311 987 4365 ,κΕιὶυὲα
1014 4313 1289 4365 oriundus.
1314 4311 1612 4366 Lucretius
1645 4312 1740 4365 lib.
1778 4328 1848 4365 u:

1106 3626 1286 3696 Digitis
1309 3626 1485 3695 dignu‘
1502 3626 1614 3678 loco
1637 3625 1860 3693 picturis
1880 3624 2267 3676 coudecoravit.

858 4423 1084 4491 Denique
1106 4422 1297 4475 caelesti
1328 4438 1508 4476 sumus
1534 4438 1709 4476 omnes
1737 4425 1929 4476 semine
1958 4423 2168 4476 orandi.

785 4532 909 4586 Sive
964 4534 1134 4586 mavis
1180 4548 1303 4587 cum
1362 4533 1599 4603 vulgatis
1651 4534 1838 4596 libris,
1891 4534 2152 4587 oriundi:
2200 4545 2347 4590 certe

785 4626 1101 4695 trisyllabon
1144 4626 1213 4679 sit
1265 4639 1490 4677 necesse
1528 4632 1634 4677 est.
1666 4624 1756 4677 Sic
1788 4625 1950 4693 igitur
1978 4626 2207 4679 vetustis
2242 4626 2348 4678 illis

784 4733 902 4769 mos
937 4727 1074 4779 erat,
1115 4727 1170 4768 ut
1211 4716 1482 4771 interdum
1520 4717 1739 4785 quidem
1775 4718 1827 4769 iu
1862 4716 1968 4781 AS,
2003 4715 2349 4785 frequentius

783 4808 837 4861 in
869 4808 911 4861 A
945 4805 1131 4860 erca
1169 4809 1389 4860 nomina
1420 4808 1616 4860 vellent
1664 4809 1833 4861 cxirc.
1869 4806 2061 4862 Postea
2109 4825 2260 4871 vero,
2290 4819 2349 4863 ut

784 4903 859 4953 ait
925 4901 1328 4966 Quintilianus,
1389 4887 1699 4954 recentiores
1750 4902 2089 4955 instituerunt
2153 4903 2349 4957 Grde

784 4992 1075 5044 nominibus
1105 4991 1314 5045 Grtecas
1339 4992 1712 5046 declinationes
1739 4995 1910 5061 potius
1939 4994 2086 5051 dare.
2114 4992 2349 5050 Proinde

785 5084 887 5137 hoc
919 5083 1225 5136 institutum
1261 5092 1554 5136 tenuerunt

788 5197 1093 5259 Lucretius,
1147 5196 1211 5248 ld
1238 5199 1373 5266 quod
1401 5199 1748 5267 Anaxagoras
1780 5202 1881 5254 sibi
1908 5204 2067 5254 sumit
2100 5216 2117 5255 :

788 5307 957 5361 Varro
1000 5310 1071 5363 De
1128 5307 1192 5364 Β.
1248 5308 1312 5363 R.
1361 5311 1571 5379 antiqui
1624 5321 1802 5365 tamen
1858 5324 1911 5365 ut
1966 5316 2056 5382 qui
2094 5316 2347 5377 maxime,

786 5411 995 5451 amator
1020 5402 1289 5455 sermonis
1322 5420 1335 5455 :
1361 5402 1640 5472 Archytas,
1671 5402 1939 5471 Hegesias,
1966 5405 2348 5475 Athenagoras,

788 5490 1057 5553 Mnaseas,
1093 5504 1145 5544 et
1195 5495 1339 5563 apttd
1388 5494 1618 5547 Nonium
1654 5498 1705 5550 in
1745 5496 2030 5551 Scalurcx.
2066 5497 2349 5563 Ismenias,

790 5583 1114 5652 Tilebogeues
1148 5583 1266 5651 [iuit
1309 5586 1568 5639 Scaturex
1591 5626 1604 5649 ,
1640 5587 1756 5657 lege
1792 5587 2147 5657 Thebagenes,
2185 5590 2352 5660 θηϐα-

787 5676 969 5743 γενής.
1007 5674 1065 5727 Et
1096 5677 1350 5729 similiter
1375 5679 1587 5736 Cicero.
1618 5680 1758 5747 apud
1782 5697 1941 5748 qnetn
1969 5684 2128 5750 vulgo
2156 5698 2352 5736 oet-nr-

790 5774 917 5817 runt
962 5768 1203 5827 Archias,
1253 5766 1494 5836 Gorgias,
1548 5769 1790 5833 Phidias,
1839 5770 2049 5830 Cineas.
2103 5773 2347 5837 Prusias,

791 5858 1075 5921 Arcesilas,
1115 5857 1463 5926 Charmadas,
1505 5860 1723 5925 (frttias,
1785 5861 2064 5931 Diagoras,
2105 5864 2346 5929 Hippias,

2444 3345 2634 3399 parum
2671 3331 2771 3382 hac
2798 3329 3059 3381 luctantia
3100 3329 3463 3381 intellectum.
3504 3326 3672 3381 Judaei
3704 3329 4048 3381 habitabant

2442 3429 2594 3474 trans
2624 3417 2888 3481 Tiberim,
2939 3428 2993 3471 et
3045 3419 3217 3471 multo
3262 3420 3557 3471 maximam
3610 3432 3826 3487 partem
3883 3433 4046 3473 erant

2444 3511 2705 3572 libertini,
2750 3520 2807 3562 ut
2843 3508 3042 3563 fatetur
3086 3508 3242 3562 Philo
3281 3511 3332 3562 in
3380 3508 3675 3578 chatione
3709 3511 3779 3563 ad
3816 3510 4043 3563 Caium.

2442 3602 2630 3670 Apella
2664 3610 2848 3655 autem
2914 3601 3295 3653 libertinorqu
3332 3611 3412 3652 cst
3460 3617 3697 3661 nomen,
3752 3603 3898 3656 satis
3942 3603 4049 3654 frc-

2442 3713 2616 3765 quens
2659 3697 2713 3749 in
2766 3695 3230 3763 inscriptionibus
3275 3697 3525 3749 vetustis.
3563 3696 3678 3748 Cic.
3720 3698 3897 3765 υρὶει.
3958 3699 4047 3759 Ξζὲ,

2445 3787 2540 3840 lib.
2598 3801 2667 3840 ιιι
2709 3804 2722 3839 :
2773 3783 2854 3839 Ne
2899 3786 3099 3852 Apella:
3151 3786 3360 3856 quidem
3427 3787 3613 3839 liberto
3669 3796 3762 3840 tuo
3810 3788 4047 3841 dixeris.

2444 3878 2629 3945 Itaque
2654 3875 2845 3929 Credat
2875 3875 3099 3929 Judceus
3124 3878 3325 3943 Apella,
3357 3879 3515 3945 quasi
3545 3887 3600 3930 tu
3628 3879 3809 3939 dicas.
3836 3878 4046 3933 Credat

2443 3969 2869 4037 superstitiosus
2901 3970 3101 4037 aliquis
3138 3968 3364 4024 Judaeus
3389 3968 3873 4025 Traustlberinus.
3918 3975 4047 4027 lude

2447 4060 2579 4113 illud
2616 4059 2868 4122 alterum,
2910 4060 3193 4113 Obeundus
3230 4059 3444 4130 Marsya
3471 4077 3487 4112 :
3512 4076 3620 4130 quo
3666 4063 3831 4115 modo
3874 4073 4045 4116 etiam

2447 4152 2745 4219 loquuntur
2776 4148 3024 4211 Ovidius,
3050 4149 3238 4212 Silius,
3264 4150 3538 4205 Lucanus.
3579 4152 3795 4222 Marsya
3823 4158 3976 4209 scilii
3998 4169 4045 4207 tt

2448 4240 2499 4292 in
2531 4239 2650 4291 foro
2668 4239 2971 4292 collocatus
2998 4248 3049 4293 et
3073 4238 3311 4295 donatus
3333 4243 3732 4310 qnasicivitate
3767 4243 4043 4306 Romam,

2448 4344 2556 4382 non
2602 4330 2776 4397 potuit
2818 4345 2925 4382 non
2971 4330 3023 4382 in
3069 4346 3163 4383 ore
3196 4332 3339 4399 vulgi
3395 4333 3639 4401 quotidie
3692 4341 3950 4400 versari;
3997 4353 4045 4389 ct

2449 4428 2707 4488 prie-terea
2736 4436 2799 4473 eo
2825 4421 3045 4474 nomine
3072 4421 3295 4475 fuerunt
3316 4427 3455 4476 servi
3489 4423 3758 4495 Phryges.
3781 4426 3837 4480 In
3865 4432 4042 4481 veteri

2451 4526 2753 4572 marmore,
2799 4527 2857 4565 tit.
2898 4526 3121 4566 ﬂEl.\'|US
3166 4529 3221 4565 ιι.
3266 4529 3315 4566 1..
3362 4530 3587 4567 nam.
3626 4514 3789 4585 Vulgi
3850 4532 4042 4571 autem

2383 4580 2423 4633 D
2454 4604 2838 4655 auctoritatem
2884 4604 3118 4657 libenter
3154 4604 3241 4658 hic
3274 4608 3449 4658 secuti
3488 4617 3617 4661 sunt
3656 4621 3867 4676 poene;
3916 4631 4041 4665 cum

2454 4694 2756 4746 secundum
2819 4693 3066 4747 Criccam
3123 4698 3626 4763 pronuntiationem
3681 4699 3943 4770 Marsyas
3989 4706 4041 4755 iu

2451 4778 2769 4832 hexametro
2799 4794 2907 4832 non
2938 4790 3131 4835 staret.
3171 4782 3260 4836 Sic
3284 4783 3498 4839 Cassius
3524 4785 3740 4841 Chwrea
3775 4794 4044 4846 tribunus

2451 4871 2646 4938 plebis,
2682 4870 3003 4925 notissimus
3042 4872 3112 4925 ob
3153 4872 3267 4926 Caii
3324 4876 3558 4927 Caesaris
3603 4877 3803 4931 eadem
3847 4899 3861 4932 :
3904 4888 4046 4933 .‘tlltl’

2450 4960 2591 5028 apud
2620 4960 2859 5013 Plinium
2894 4963 3220 5025 statuarius,
3244 4965 3335 5030 qui
3372 4981 3671 5034 tiunquani,
3698 4967 3895 5033 credo,
3936 4970 4043 5021 Ιλςιο

2452 5056 2581 5107 Iiam
2646 5053 2901 5117 viderat;
2960 5062 3016 5107 et
3076 5057 3217 5124 apud
3266 5054 3566 5109 Varronem
3625 5061 3821 5113 textius
3866 5065 4044 5117 Athe-

2453 5144 2684 5203 niensis,
2732 5145 2825 5211 qui
2886 5144 2955 5197 de
3003 5160 3058 5198 re
3098 5147 3301 5199 rustica
3350 5149 3605 5216 seiipsit,
3642 5149 3919 5206 Chtrrcas.
3974 5155 4047 5207 lia

2453 5235 2674 5289 Persius
2709 5237 3054 5303 (priusquam
3090 5239 3371 5294 Cornutus
3412 5240 3635 5295 Stoicus
3680 5259 3910 5295 versum
3946 5248 4051 5299 ir-

2455 5334 2763 5379 mutaverat
2796 5338 2944 5380 metu
2980 5327 3263 5395 Neronis),
3290 5332 3572 5386 Auriculas
3602 5337 3740 5385 asini
3771 5333 3936 5389 Mida
3961 5355 4051 5392 re:

2453 5416 2644 5479 habet;
2689 5427 2743 5471 et
2771 5419 2836 5471 ad
2870 5420 2923 5473 id
2953 5422 3258 5489 exemplum
3291 5420 3543 5478 Justinus
3582 5444 3593 5476 :
3633 5427 3841 5479 nullatn
3884 5434 4054 5483 aliain

2453 5508 2524 5558 ob
2549 5521 2796 5573 causam,
2823 5521 3185 5580 pt'mterquam
3215 5513 3361 5581 quod
3402 5514 3452 5567 id
3495 5530 3689 5569 nomen
3720 5516 4053 5587 frequenter

2456 5597 2744 5665 mancipiis
2762 5607 2844 5651 est
2869 5601 3123 5661 inditum,
3148 5605 3454 5671 praesertim
3474 5620 3535 5657 ex
3560 5604 3796 5675 Phrygia
3814 5614 4055 5679 thiplis.

2454 5691 2744 5744 'l‘crcntius
2790 5691 3122 5749 Phormione
3163 5715 3175 5748 :
3214 5695 3353 5751 Puer
3373 5699 3442 5750 ad
3476 5716 3555 5753 me
3593 5705 3822 5754 occurrit
3874 5704 4054 5759 .L'ia'a.

2458 5779 2623 5833 \‘ctns
2656 5783 2794 5851 lapis
2828 5786 2969 5852 apud
3000 5785 3265 5854 Sponium
3317 5806 3368 5858 p.
3404 5789 3507 5843 289
3530 5834 3543 5852 ,
3598 5807 3727 5847 unus
3756 5810 3982 5853 cum“
4013 5822 4058 5851 ι-

2454 5887 2593 5927 n:ts.
2634 5875 2849 5943 .‘x’cquco
2883 5889 3062 5931 tamen
3098 5882 3413 5950 conjectura
3455 5888 3755 5955 augurari,
3808 5905 3915 5943 cur
3972 5912 3999 5962 η
4031 5894 4057 5941 si
