4202 6448
179 384 277 450 781

1269 372 1630 433 EPISTULA
1665 369 1868 429 RICH.
1898 365 2284 427 BENTLEH.

3316 358 3426 421 782

182 494 313 550 Nam
344 491 547 548 Halolo
584 489 670 542 vel
724 486 929 543 Malala
970 490 1054 542 est
1099 492 1310 547 orator,
1354 483 1639 550 eloquens,
1680 481 1755 533 lo-
1784 485 1829 542 Α
1854 478 1963 548 qia;
1988 485 2043 532 et
2090 475 2309 547 Βάρκας
2346 480 2474 527 sunt
2514 471 2671 536 dicti,
2703 470 2856 533 quia
2888 467 3101 523 Latinis
3123 466 3285 533 Juba.
3330 469 3430 527 lli-

184 600 347 656 quax.
382 584 498 638 Non
544 579 760 635 diilicile
788 586 874 632 est
917 576 1237 645 conjectura
1286 573 1530 642 assequi,
1574 580 1751 624 utram

183 678 254 731 ob
284 690 509 729 causam
539 676 907 741 cognomento
944 669 1037 721 illo
1068 674 1264 720 auctus
1294 665 1459 719 fuerit
1485 662 1750 727 Joannes,

183 767 376 821 Λαλεῖν
402 766 644 835 ἄριστος,
683 758 1092 821 ἀδυνατώτατος
1120 758 1323 824 λέγειν.
1363 754 1483 826 Ipse
1514 755 1756 824 Porphy-

187 858 301 911 rius
332 871 360 907 a
387 852 743 923 popularibus
789 849 905 903 suis
945 849 1100 919 Syris
1134 846 1348 899 Malcho
1394 846 1508 899 sive
1539 841 1757 895 Mulcha

186 947 485 999 v0cabatur
513 961 525 996 :
554 941 743 996 Graue
774 956 903 993 vero
951 956 1057 993 non
1099 939 1317 1006 Μάλχα,
1366 937 1463 990 sed
1511 934 1753 1003 Μάλχος.

187 1036 261 1090 Ita
292 1036 457 1102 Cipha
490 1051 682 1089 saxum
720 1034 936 1102 Κηιξᾶς,
982 1031 1183 1085 Thema
1220 1029 1489 1099 gemellus
1533 1028 1754 1095 Θωμᾶς,

187 1136 238 1180 et
261 1132 304 1182 si
332 1144 440 1196 qua
470 1136 598 1181 sunt
629 1127 758 1178 alia.
782 1124 909 1177 Mal.
933 1141 986 1191 ιι.
1015 1124 1105 1176 41.
1131 1122 1401 1191 Ἀντίοχον
1418 1121 1508 1174 τὸν
1532 1120 1759 1189 ἐπίκλην

186 1220 464 1283 Χούζωνα.
497 1219 692 1272 Mirum
743 1220 795 1271 ni
848 1233 913 1270 ex
967 1215 1182 1267 illorum
1225 1215 1497 1267 sententia
1550 1224 1759 1279 cogno-

189 1326 429 1366 mentum
487 1311 740 1364 Antiochi
794 1307 897 1363 fuit
959 1306 1216 1361 Clauzaua
1265 1318 1397 1357 casu
1458 1312 1646 1362 recto,
1704 1310 1763 1353 ut

189 1401 395 1456 Halala
425 1418 443 1455 :
484 1417 609 1457 cum
658 1401 824 1454 ambo
852 1400 963 1453 sint
995 1397 1418 1451 Antiochenses.
1444 1393 1583 1458 Quid
1630 1407 1762 1460 ergo

188 1495 293 1548 sibi
327 1494 516 1546 volunt
549 1495 653 1544 ista
685 1508 739 1561 p.
789 1492 878 1544 63.
922 1489 1198 1558 Ἀντίοχον
1237 1486 1329 1540 τὸν
1356 1487 1619 1548 Χούζωνα
1671 1483 1761 1536 τὸν

188 1584 412 1650 ἔγγονον
461 1584 739 1651 Ἀντιόχου
774 1582 868 1634 τοῦ
904 1579 1230 1643 Χούζωνοςῖ
1258 1577 1413 1643 Quod
1458 1577 1501 1630 si
1555 1590 1761 1644 usque-

191 1689 409 1742 quaque
488 1671 716 1743 Syriaca
779 1673 1006 1726 nomina
1064 1668 1267 1721 imitari
1333 1675 1386 1720 et
1451 1666 1762 1734 exprimere

188 1764 491 1824 debemus,
553 1779 673 1826 cur,
720 1762 995 1825 obsecro,
1056 1758 1312 1826 Ἰωάννης
1360 1756 1599 1816 dicitur,
1653 1769 1762 1807 non

1862 568 2038 637 cipsa,
2070 564 2260 620 Barca.
2294 564 2403 618 Nec
2445 571 2631 617 tamen
2676 562 2788 619 haec
2817 579 2939 633 quae
2971 564 3219 634 proxime
3248 568 3430 620 nomi-

1864 657 2013 718 navi,
2048 656 2115 711 de
2161 655 2370 710 Graecia
2404 654 2570 723 petita
2609 662 2772 716 sunt;
2821 655 2914 709 sed
2956 669 3020 708 ex
3067 656 3251 710 Africa
3280 664 3433 713 recto

1864 748 2059 802 itinere
2084 748 2368 817 deportata
2410 753 2536 799 sunt
2567 747 2621 799 in
2664 744 2894 801 Italiam.
2923 746 3067 811 Quid
3096 747 3270 812 enim,
3305 762 3431 801 cum

1866 836 1945 890 illi
1985 837 2276 907 Ἀμὶλκας,
2311 836 2559 899 Ἀννίϐας
2593 836 2904 905 proferunt,
2946 836 3000 890 bi
3058 837 3335 891 Hamilcar
3378 842 3437 892 et

1866 925 2174 991 Hannibal;
2208 944 2318 981 non
2364 928 2505 997 signi
2552 926 2655 981 hoc
2699 926 2835 981 satis
2864 936 2971 992 est,
3025 926 3170 980 unde
3203 935 3439 998 utraque

1867 1031 1994 1075 sunt
2028 1021 2297 1075 accersita
2319 1022 2341 1073 ?
2363 1019 2569 1089 Nempe
2598 1020 2654 1073 hi
2688 1021 2992 1075 masculina
3031 1020 3438 1093 nominaAfri-

1868 1127 2001 1166 cana
2055 1113 2108 1165 in
2158 1113 2203 1165 Δ
2244 1113 2477 1167 libenter
2529 1112 2878 1179 retinebant;
2924 1113 3241 1167 Graecorum
3276 1122 3440 1168 aures

1870 1217 2129 1275 tanquam
2177 1206 2385 1259 absona
2421 1213 2474 1259 et
2524 1206 2858 1258 inconcinna
2904 1204 3296 1274 repudiabant.
3329 1202 3439 1259 Sed

1870 1305 1929 1350 ut
1958 1296 2257 1351 concedam
2282 1295 2417 1350 illud
2443 1295 2688 1364 Ἠμοῦλα
2718 1310 2746 1348 a
2771 1294 3103 1364 Theophane
3134 1294 3440 1364 profectum

1867 1403 1988 1443 esse
2018 1405 2032 1440 :
2068 1402 2177 1440 non
2208 1403 2310 1457 ego
2359 1387 2689 1440 monachum
2727 1388 2966 1457 aliquem
3012 1389 3280 1444 adversus
3323 1404 3443 1444 om-

1869 1478 2019 1531 nium
2053 1479 2404 1531 autoritatcm
2437 1478 2755 1545 magistrum
2777 1478 2994 1534 dicendi
3017 1494 3213 1550 capere
3241 1478 3440 1545 velim;

1868 1570 1964 1625 sed
2021 1570 2177 1624 illum
2246 1570 2431 1640 ipsum
2493 1570 2559 1622 ad
2624 1570 2867 1623 nationis
2933 1586 3046 1626 sua:
3108 1572 3441 1640 exemplum,

1870 1660 2014 1714 addo
2067 1660 2233 1715 etiam
2308 1674 2494 1723 suum,
2565 1674 2913 1729 componere.
2978 1659 3074 1715 Vir
3151 1660 3441 1730 multiplici

1869 1753 2136 1806 doctrina:
2188 1751 2345 1819 copia
2384 1750 2648 1819 praaditus
2704 1749 3027 1807 Eustathius
3084 1750 3444 1807 Thessaloni-

202 1856 426 1907 ‘lwzva‘w
486 1852 752 1906 stulam?
796 1867 919 1904 nam
970 1850 1124 1919 Syris
1179 1857 1263 1902 est
1325 1844 1655 1908 Iuli/canon,
1712 1854 1767 1897 ut
1800 1842 2051 1897 Bcensis
2116 1843 2292 1913 episc.
2353 1850 2613 1896 accurate
2668 1842 2957 1911 disputans
3018 1843 3085 1898 de
3130 1843 3445 1900 Homericis

193 1943 379 1998 LXXII
421 1946 556 1998 viris
585 1944 833 1995 Ἰωανάν.
873 1941 980 1995 Sed
1026 1956 1153 1994 ecce
1192 1939 1286 1991 tibi
1321 1940 1764 2001 Cantat-uzcnus,

180 2040 285 2105 qui
340 2051 391 2103 p.
434 2035 560 2087 874.
619 2036 866 2087 Λατίνων
911 2048 1027 2093 τις,
1064 2030 1171 2091 ait,
1223 2028 1476 2094 Ἰωάννης
1520 2026 1769 2096 “apale:

193 2126 759 2195 προσαγορευὸμενος.
821 2124 978 2177 Scias
1016 2116 1279 2174 autetn‘in
1330 2132 1565 2195 quantas
1598 2133 1771 2187 angu-

194 2220 328 2271 Slias
356 2218 576 2269 adducti
614 2224 766 2279 sunt,
815 2230 940 2267 cum
996 2213 1249 2265 homines
1281 2209 1404 2278 χθὲς
1448 2194 1544 2262 καὶ
1579 2209 1771 2279 πρώην
1801 2279 1809 2287 ,

194 2309 489 2376 γεγονότας
519 2307 722 2360 saeculo
744 2306 964 2359 demum
994 2320 1105 2366 xw,
1137 2312 1259 2370 post
1279 2300 1558 2355 Christum
1579 2308 1768 2354 natum

198 2400 504 2451 inveterata
569 2397 681 2464 jam
751 2395 1042 2457 barbaria,
1093 2406 1274 2446 causae
1331 2407 1444 2447 suae
1512 2398 1773 2460 patronos

197 2489 486 2558 adoptant.
517 2487 650 2541 item
694 2502 825 2541 sane
856 2486 1092 2555 lepidam
1134 2493 1188 2537 et
1235 2486 1508 2555 iocosam.
1534 2480 1772 2536 Joannes

200 2580 291 2633 hic
334 2581 724 2633 Antiochensis
755 2580 891 2633 bene
934 2578 1122 2631 Graece
1152 2576 1373 2628 Μαλέ).α
1431 2574 1536 2628 dici
1573 2582 1769 2643 potest,

198 2673 334 2739 quia
370 2671 503 2724 Italo
540 2670 759 2724 cuidam
802 2685 1001 2723 nomen
1037 2676 1160 2721 erat
1224 2664 1487 2719 Giocanni
1524 2664 1770 2719 Pcralta.

200 2761 291 2815 Sic
314 2764 458 2814 enim
484 2762 902 2814 (Zantacuzenus
932 2776 982 2828 p.
1012 2759 1132 2811 Πιὶ.
1160 2758 1406 2811 Μάλιστα
1425 2746 1479 2810 δὲ
1506 2756 1776 2820 Ντξιοοὰν

200 2852 456 2922 Περὰλτα
486 2854 513 2904 ὁ
552 2852 756 2904 τούτὼν
789 2849 1034 2921 ἡγεμὼν.
1069 2849 1295 2904 Gratcus
1334 2850 1439 2903 iste
1477 2857 1562 2902 est
1593 2864 1777 2902 sermo

200 2942 504 2995 hodiernus
529 2959 542 2996 :
579 2943 652 2995 ita
674 2944 881 3012 giostra
912 2940 1204 3010 τζοῦστρα,
1227 2942 1443 3010 gingiva
1475 2938 1773 3003 τζιντζίὸα,

196 3035 354 3103 jecur
386 3034 733 3103 ντζηγάριον.
769 3033 920 3087 Vah!
950 3049 1116 3103 quam
1150 3034 1308 3085 velim
1353 3032 1779 3101 progrediantur

203 3127 443 3195 longius.
480 3136 646 3195 atque
691 3140 799 3179 una
856 3139 1021 3194 opera
1078 3125 1312 3193 probent
1345 3123 1619 3185 Ντζιουαν
1653 3124 1778 3175 Μαι-

201 3217 333 3270 me
360 3217 654 3271 dicendum
682 3231 806 3271 esse
838 3232 851 3267 :
891 3214 1109 3268 facinus
1159 3216 1246 3284 pol
1287 3230 1545 3284 magnum
1577 3223 1631 3268 et
1663 3228 1778 3267 me-

202 3309 475 3362 morabile
529 3308 782 3362 fecerint.
834 3306 969 3360 Illud
1009 3322 1138 3361 vero
1181 3310 1402 3368 durum,
1455 3306 1599 3374 quod
1635 3303 1777 3375 apud

202 3399 595 3468 Theophanem
628 3413 713 3453 εει
746 3399 1000 3467 Ἰωάννης
1037 3399 1064 3451 ὁ
1093 3397 1322 3466 ἐπίκλην
1365 3397 1626 3464 Ἦμοῦλα.
1669 3394 1780 3449 Nec

206 3506 239 3545 a
283 3489 504 3545 Victore
553 3492 729 3544 solum
767 3498 996 3543 vocatur
1060 3488 1308 3550 Hemula,
1345 3488 1441 3543 sed
1484 3487 1782 3541 Anastasio

201 3582 412 3643 etiam,
477 3580 571 3649 qui
641 3579 1027 3647 Theophanem
1096 3578 1147 3629 in
1218 3577 1476 3630 Latinum
1550 3590 1782 3630 conver-

205 3672 334 3723 tit:
396 3685 424 3723 a
490 3668 742 3722 Liberato
818 3668 1059 3720 Diacono
1129 3666 1367 3720 Joannes
1437 3665 1614 3728 Mela;
1676 3666 1780 3719 nisi

207 3761 452 3814 fortaSSe
504 3760 786 3828 depravati
845 3765 975 3812 sunt
1010 3758 1256 3811 codices.
1299 3756 1377 3809 Ex
1417 3755 1621 3811 Graecis
1653 3768 1782 3808 vere

206 3852 583 3918 scriptoribus
618 3851 772 3903 solus
814 3847 1178 3917 Theophanes
1220 3856 1272 3901 et
1318 3847 1485 3900 semel
1522 3847 1785 3898 duntaxat

205 3942 560 4010 cognominis
588 3941 712 4006 ejus
743 3940 1077 3993 mentionem
1113 3937 1245 3990 facit
1285 3955 1298 3990 ε
1336 3938 1551 3989 caeteris
1577 3935 1787 4003 simpli-

208 4034 353 4086 citer
382 4031 625 4084 Joannes
650 4038 903 4091 vocatur,
940 4028 1249 4096 Nicephoro
1277 4024 1389 4096 [88]
1433 4024 1782 4087 Patriarchm,

209 4117 520 4186 Nicephoro
581 4117 846 4179 Callisto;
902 4117 1043 4169 sicut
1097 4124 1150 4167 ct
1207 4113 1435 4168 Leontio
1498 4113 1784 4183 Byzantio,

209 4208 605 4275 Chronicoque
665 4206 953 4260 Orientali.
1005 4204 1126 4270 Quo
1167 4206 1341 4273 magis
1401 4203 1684 4266 addttcor,
1729 4212 1788 4257 ut

210 4299 471 4351 vitiosum
502 4312 626 4351 esse
680 4296 813 4349 illud
867 4297 1094 4350 verbum
1135 4295 1479 4360 existimem;
1527 4303 1580 4348 et
1622 4295 1786 4348 istum

208 4389 449 4456 apicem,
491 4387 586 4456 qui
626 4389 681 4440 in
725 4387 884 4440 libris
936 4401 1071 4441 mss.
1120 4385 1565 4439 terminationem
1602 4402 1665 4447 at;
1712 4384 1789 4438 si-

1870 1932 1979 1987 iilis
2033 1933 2314 2002 ἱππήλατα
2346 1933 2559 2001 Πηλεὺς
2606 1941 2659 1985 et
2700 1933 2961 2002 Ἑρμείας
3002 1934 3277 2005 ἀκάκητα,
3311 1944 3444 1999 etc.,

1870 2040 1979 2078 non
2010 2025 2216 2095 Σισάρα
2239 2032 2293 2078 et
2324 2025 2491 2087 Σαλα,
2521 2040 2629 2079 non
2661 2026 2907 2095 Ἠμοῦλα
2940 2028 3004 2080 ad
3039 2037 3224 2097 partes
3250 2037 3443 2095 vocat;

1871 2132 1996 2169 nam
2035 2114 2290 2170 Giovanni
2324 2116 2542 2170 Pera/ta
2570 2118 2663 2186 qui
2701 2120 2899 2186 potuit.
2925 2119 3244 2189 priusquam
3276 2122 3324 2175 is
3350 2136 3448 2176 na-

1873 2209 2160 2263 sceretur?
2191 2210 2339 2276 quod
2367 2220 2557 2264 contra
2595 2226 2661 2265 cx
2686 2211 2831 2265 omni
2866 2212 3131 2267 memoria
3159 2214 3269 2267 duo
3306 2214 3447 2269 dun-

1873 2303 2026 2349 taxat
2058 2306 2325 2351 memorat
2377 2299 2685 2353 masculina
2729 2298 2919 2354 Graeca
2950 2302 3004 2356 in
3039 2304 3102 2366 A,
3137 2318 3313 2373 eaque
3344 2304 3448 2358 mi-

1874 2389 2024 2442 nime
2055 2403 2083 2441 a
2132 2405 2189 2442 se
2226 2390 2387 2455 lecta,
2444 2390 2538 2444 sed
2582 2389 2934 2447 Eutlwmonis
2980 2393 3084 2448 ﬁde
3118 2394 3445 2462 Pelusiotae;

1875 2481 1994 2549 ejus
2022 2481 2238 2549 opinor,
2265 2482 2426 2550 cujus
2457 2483 2655 2536 librum
2683 2484 2750 2537 de
2778 2482 3182 2556 Orthograpbia
3215 2487 3447 2558 Stepha-

1876 2586 1982 2625 nus
2012 2570 2335 2642 Byzantius,
2367 2581 2425 2627 ct
2473 2573 2671 2628 Suidas
2704 2584 2759 2630 et
2796 2575 3153 2647 Etymologici
3208 2581 3451 2651 scriptor

1878 2664 2278 2718 citantJlorum
2310 2683 2478 2720 unmn
2511 2666 2785 2736 Illyricum
2819 2684 2943 2723 esse
2974 2686 3196 2734 nomen,
3221 2688 3288 2727 ex
3336 2675 3451 2744 cpi-

1879 2765 2183 2822 grammate
2205 2759 2467 2826 quodam,
2491 2758 2738 2829 Πατὴρέἲ
2757 2758 2845 2829 ἔμ’
2870 2760 3167 2831 [891ἕφυσε
3191 2764 3450 2827 κόπαινα.

1879 2846 1998 2914 ἤτοι
2065 2848 2385 2913 Κοπαίνης·
2454 2847 2865 2927 Syracusanum
2918 2851 3151 2904 alterum
3208 2867 3275 2906 ex
3345 2852 3453 2907 So-

1882 2936 2116 3005 phrone.
2149 2938 2177 2989 6
2232 2938 2503 3009 Μύρι).λα.
2553 2938 2919 3009 Democopum
2952 2941 3209 2996 videlicet
3264 2943 3451 2998 archi-

1883 3032 2106 3091 tectum,
2161 3042 2286 3081 cum
2348 3028 2629 3082 theatrum
2691 3029 3089 3085 exaediﬁrasset
3134 3029 3449 3102 Syracusis.

1882 3119 2084 3188 populo
2116 3118 2321 3171 viritim
2360 3127 2701 3187 unguentum
2732 3119 3107 3186 distribuisse,
3130 3128 3183 3175 et
3209 3139 3273 3176 ex
3304 3139 3366 3177 ea
3393 3139 3454 3179 re

1881 3218 2249 3279 cognomento
2306 3220 2555 3262 vocatum
2594 3225 2717 3264 esse
2747 3209 3060 3282 Myriliam:
3112 3229 3308 3283 nempe
3348 3215 3456 3268 ἀπὸ

1877 3300 1971 3354 τοῦ
2005 3300 2177 3371 μύρου
2209 3300 2514 3371 Μύριλλαν.
2549 3299 2661 3368 Ego
2699 3317 2825 3355 vero
2876 3301 3261 3357 Eudaemonem
3300 3305 3453 3360 illum

1876 3392 2045 3460 iubeo
2072 3392 2314 3462 κρόμμυ’
2340 3391 2567 3455 ἐσθίειν,
2596 3399 2657 3445 ιιι
2684 3393 2960 3448 hominem
3004 3394 3308 3450 infortunio
3341 3411 3459 3451 ma-

1881 3492 2021 3538 ctem
2074 3502 2086 3537 :
2154 3483 2430 3552 siquidem
2486 3485 2684 3553 religio
2749 3492 2870 3540 erat
2932 3487 3228 3542 I’eiusiotis
3290 3504 3456 3560 cepas

1881 3587 2127 3646 gustare.
2164 3575 2300 3629 Nam
2343 3575 2593 3645 profecto
2643 3579 2710 3631 de
2756 3578 3178 3648 Syracosiorum
3224 3581 3458 3636 dialeeto

1883 3684 2007 3723 cras
2038 3669 2228 3731 credo,
2272 3669 2435 3723 hodie
2483 3669 2641 3722 nihil.
2676 3667 3005 3726 Theocritus
3051 3670 3457 3742 Syracusanus,

1885 3760 1975 3828 qui
2011 3760 2271 3813 idiomate
2302 3744 2597 3813 vernaculo
2632 3770 2898 3829 perpetuo
2935 3771 3019 3816 est
3058 3778 3190 3818 usus
3217 3763 3459 3828 (Μοῦσαν

1884 3848 1930 3900 δ’
1957 3847 2173 3917 ὀθνείην
2206 3844 2389 3900 οὔποτ’
2433 3836 2868 3918 ἐφειλκὺςάμην)
2898 3866 3081 3905 annon
3135 3854 3173 3905 Σ
3219 3854 3457 3909 litteram

1885 3938 2096 4006 ubique
2120 3947 2326 4004 servat,
2358 3940 2652 4007 Δαμοίτας,
2684 3941 2994 4007 Μενάλκας,
3025 3942 3317 4012 Ἀμύντας,
3344 3947 3462 3999 Διο-

1887 4028 2141 4091 κλείδαςῖ
2192 4028 2307 4082 Νοιι
2352 4031 2548 4100 Apollo
2586 4033 2854 4101 Δαφνίτας
2906 4032 3197 4104 Syracusis
3241 4038 3461 4093 coleba-

1887 4120 2015 4173 tur?
2047 4118 2164 4173 Non
2222 4120 2439 4175 Hiretas
2470 4122 2803 4192 Syracusius
2826 4123 3191 4193 philosophus
3221 4141 3251 4179 a
3298 4127 3457 4183 Cice-

1889 4225 2020 4265 rone
2048 4212 2311 4266 laudatur
2345 4214 2398 4267 in
2444 4214 2775 4269 Academicis
2795 4217 2820 4269 ?
2848 4231 2951 4270 non
2983 4232 3174 4271 eorum
3207 4235 3461 4275 sermone

1890 4302 2143 4368 γαφάγας
2179 4302 2466 4356 lumbricus
2501 4305 2642 4373 apud
2674 4303 3119 4375 Elymologicon?
3153 4322 3262 4362 non
3294 4309 3461 4365 dissi—

1892 4396 2040 4448 mulo
2097 4395 2241 4465 apud
2312 4396 2644 4467 ilcsychium
2704 4398 2973 4467 scriptum
3033 4414 3157 4455 esse
3209 4401 3457 4470 Γαφάτα,

210 4495 386 4549 gnare
419 4482 581 4544 solet,
629 4479 700 4533 ab
730 4479 1039 4547 indiligenti
1088 4478 1318 4532 librario
1344 4485 1615 4531 mutatum
1664 4492 1784 4531 esse

1895 4485 2144 4556 omnis
2199 4486 2292 4541 scd
2326 4502 2455 4541 vero
2498 4488 2703 4559 duplici
2743 4503 2956 4543 errore.
3007 4487 3140 4543 Nam
3184 4492 3390 4547 excidit
3422 4495 3461 4546 Σ

210 4572 302 4625 vel
329 4570 772 4636 praetermissum.
800 4568 1111 4623 J’rzesertim
1143 4584 1266 4623 cum
1297 4576 1501 4622 cuncta
1534 4566 1585 4619 id
1610 4582 1785 4637 genus

211 4663 437 4715 nomina
466 4669 660 4729 praeter
683 4661 786 4714 hoc
813 4675 978 4713 unum
1009 4661 1075 4712 ab
1099 4659 1218 4727 ipso
1244 4657 1575 4727 Theophane
1603 4672 1699 4727 per
1722 4674 1786 4719 ας

211 4756 380 4808 scribi
407 4754 616 4808 videam
637 4769 652 4817 ;
674 4751 925 4821 Ἀρέθοιῆ
947 4750 1215 4815 Ἀττξλας,
1240 4751 1572 4819 Μασάλμας,
1596 4750 1786 4802 Ἀϐου-

212 4845 409 4908 λὰϐας,
456 4844 775 4908 Κοντζίνας,
823 4844 929 4896 alia
960 4842 1389 4911 quamplurima.
1439 4841 1629 4909 Itaque
1685 4839 1789 4894 hoc

214 4939 274 4991 in
309 4936 449 4999 loco,
477 4946 534 4989 ut
587 4948 708 4988 mea
762 4932 868 4987 fert
914 4933 1127 5002 opinio,
1156 4930 1304 4986 facta
1339 4941 1424 4987 est
1464 4931 1790 5002 TheOphani

214 5028 445 5097 injuria.
498 5027 630 5090 Nec,
667 5027 813 5095 quod
860 5025 1191 5079 Anastasius
1227 5032 1282 5085 et
1315 5023 1507 5080 Victor
1558 5023 1792 5077 Hemula

215 5120 415 5173 Latine
449 5124 795 5185 nuncupant,
823 5131 935 5170 non
977 5115 1233 5171 Hemulas
1258 5131 1277 5179 ;
1306 5116 1481 5185 magis
1515 5116 1569 5170 id
1601 5130 1794 5185 quem-

219 5224 391 5280 quam
421 5222 640 5262 movere
668 5206 1031 5275 debet,quam
1066 5207 1212 5276 quod
1239 5207 1402 5259 Attila
1420 5220 1449 5259 a
1476 5206 1686 5260 Latinis
1706 5205 1792 5259 di—

218 5301 390 5362 citur,
420 5299 518 5369 qui
537 5298 748 5353 Graecis
764 5309 849 5354 est
869 5299 1142 5361 Ἀττελας.
1164 5297 1300 5351 Nam
1339 5298 1622 5366 peregrina
1643 5298 1789 5366 ejus-

218 5389 435 5445 cemodi
468 5390 689 5442 nomina
721 5388 892 5445 Graeci
919 5388 1215 5459 Latinique
1259 5388 1443 5442 neutri
1481 5387 1554 5443 ab
1584 5388 1791 5451 alteris,

217 5480 320 5537 sed
350 5482 421 5535 ab
443 5482 578 5549 ipsis
605 5480 865 5535 Barbaris
889 5482 1106 5551 utrique
1134 5486 1483 5549 acceperunt.
1526 5480 1666 5535 Toto
1691 5480 1794 5549 igio

217 5584 313 5629 tur
345 5574 489 5629 caelo
506 5575 715 5628 enavit
750 5574 1093 5640 Priscianus,
1121 5590 1248 5631 cum
1279 5574 1445 5630 Τηνία
1463 5582 1518 5631 et
1545 5574 1797 5645 Bagrada

215 5664 449 5734 (Africa
483 5672 619 5719 sunt
655 5665 759 5719 ista
805 5666 1055 5735 ﬂumina)
1092 5667 1359 5722 declinari
1386 5674 1545 5738 potat
1591 5681 1620 5719 a
1657 5667 1794 5720 Του-

220 5753 433 5835 ρίαςνθι
474 5753 783 5824 Βαγράδας.
819 5757 863 5808 Α
911 5754 1120 5813 Graecis
1141 5757 1365 5827 quidem
1407 5755 1600 5821 Ἰόϐας,
1632 5757 1794 5810 Mm!-

1890 4577 2095 4639 littera,
2139 4585 2198 4630 ut
2230 4593 2331 4632 usu
2377 4580 2563 4633 venire
2598 4581 2759 4647 solet,
2802 4597 2927 4636 cum
2983 4584 3229 4650 proxime
3262 4585 3452 4643 subsc-

1890 4677 2095 4737 quatur
2123 4670 2294 4723 altera
2323 4689 2334 4722 :
2371 4670 2413 4720 T
2450 4679 2632 4724 autem
2667 4670 2928 4727 facillime
2956 4682 3199 4730 mutatur
3224 4677 3277 4730 in
3314 4678 3374 4738 Γ.
3407 4691 3465 4733 ut

1893 4760 2024 4813 alibi
2063 4759 2382 4829 Στένυτρον.
2420 4761 2917 4836 εὖρυπωδέστερον,
2960 4767 3316 4836 συριγγῶδες,
3365 4785 3466 4839 pro

1894 4851 2217 4919 Στενυγρὸν,
2248 4852 2574 4922 εὑριπῶδες,
2614 4855 2820 4919 στενὸν,
2857 4857 3213 4928 συριγγῶδες.
3246 4858 3322 4915 Ne
3350 4860 3467 4931 ipse

1893 4942 2114 5011 quidem
2179 4942 2431 5013 Sophron
2504 4946 2663 4998 aliter
2719 4946 2935 5002 locutus
3009 4958 3113 5003 est.
3168 4951 3465 5007 Athenazus

1893 5033 1991 5086 lib.
2018 5049 2090 5087 vn
2120 5050 2133 5085 :
2172 5036 2285 5088 Καὶ
2334 5036 2484 5106 παρὰ
2516 5034 2760 5106 Σώφρονι
2795 5040 2825 5091 ὁ
2855 5038 3210 5111 θυννοθήρας,
3241 5051 3296 5097 et
3325 5061 3467 5114 καρ-

1897 5122 2094 5193 χαρίας
2128 5124 2415 5193 aliquanto
2450 5124 2707 5190 inferius,
2738 5143 2792 5197 p.
2828 5128 2955 5194 306,
2988 5130 3252 5200 Σώφρων,
3285 5132 3468 5187 Θυννο-

1897 5209 2097 5281 Θηραία
2125 5213 2183 5266 δὲ
2208 5215 2421 5283 γαστὴρ
2449 5216 2755 5285 καρχαρίας
2779 5217 2808 5268 ὁ
2831 5219 3049 5281 κάτινος.
3064 5219 3251 5288 δῆσθε.
3272 5221 3467 5277 Priora

1896 5302 2058 5356 verba
2119 5319 2242 5370 quin
2295 5304 2627 5359 Gasaubono
2678 5306 3005 5361 molestiam.
3038 5311 3338 5379 creabant,
3385 5314 3467 5369 sic

1897 5392 2014 5462 lege
2056 5410 2068 5445 :
2114 5392 2355 5462 Σώφρων
2386 5394 2748 5465 Θυννοθήραε.
2786 5397 2846 5450 Ἀ
2879 5400 2937 5452 δὲ
2983 5401 3217 5474 γαστὴρ,
3272 5404 3324 5457 id
3358 5415 3464 5468 est,

1898 5482 2219 5553 θυννοθήρα.
2267 5481 2537 5539 Nimirum
2568 5486 2673 5541 iste
2701 5488 2842 5542 liber
2888 5488 3239 5561 Θυννοθὴρας
3268 5493 3468 5548 inseri-

1897 5583 2023 5644 plus
2048 5574 2408 5645 est.-Etymol.
2434 5576 2490 5630 in
2512 5578 2665 5633 Ἤῖα.
2693 5580 2791 5643 Ὦς
2818 5598 2952 5651 φησι
2978 5580 3220 5653 Σώφρων
3241 5584 3300 5635 ἔν
3326 5584 3467 5638 Suv-

1899 5665 2118 5737 νοθήρᾳ.
2160 5665 2296 5721 Male
2327 5668 2454 5721 alibi
2490 5668 2548 5721 ἐν
2578 5669 2965 5741 Θυννοθήραις.
3003 5672 3160 5739 Quod
3185 5676 3231 5727 si
3276 5690 3463 5729 verum

1898 5765 1978 5812 est
2013 5755 2144 5811 illud
2180 5756 2248 5812 de
2284 5757 2609 5830 DemocOpo,
2640 5763 2784 5831 vulgi
2813 5764 2936 5831 joco
2964 5779 3273 5834 cognomen
3300 5780 3460 5820 suum
