4202 6448
183 388 286 454 849

1182 399 1263 459 IN
1300 400 1821 462 NATIVITATEM
1854 402 1916 463 Β.
1963 403 2249 463 ΜΑΒΗΞ.
2296 404 2409 464 ΙΙΙ.

3335 404 3445 471 859

182 503 323 556 Ἀλλ’
341 502 403 557 οὐ
422 502 588 575 μέχρι
608 504 795 558 τούτου
811 505 959 577 ἔστη.
985 509 1204 582 Προόϐη
1223 513 1332 584 γὰρ
1355 516 1382 568 ὀ
1407 514 1565 583 λόγος
1588 516 1761 585 αὐτῷ,

1873 517 2143 571 subsistit.
2205 516 2418 573 Etenim
2476 517 2652 587 ipsius
2701 532 2892 573 sermo
2934 516 3102 574 etiam
3147 534 3323 588 usque
3383 520 3450 574 ad

184 596 279 647 καὶ
308 594 472 665 μέχρι
511 595 608 648 τοῦ
636 598 736 665 τῆς
774 597 1050 670 Παρθένου
1101 602 1437 675 μνηστῆρος.
1472 606 1687 668 Λουκᾶς
1713 605 1770 659 δὲ

183 683 326 752 μετὰ
356 684 453 755 τὴν
477 683 621 738 κατὰ
647 686 710 738 τὸ
732 684 1018 758 βάπτισμα
1064 688 1159 742 τοῦ
1193 692 1446 763 Σωτῆρος
1479 691 1770 758 ἀνάδειξιν,

185 775 383 847 μικρὸν
436 776 600 831 αὑτοῦ
647 796 748 832 που
787 780 877 832 τὸν
933 780 1091 847 λόγον
1148 768 1544 854 μετοχετεύων,
1592 785 1770 838 τοιάδε

182 868 389 936 γράφει
411 884 428 901 ο
476 869 580 923 Ἑν
609 864 721 936 οἷς,
754 873 909 941 φησὶ,
945 873 1041 926 καὶ
1074 874 1256 941 αὐτὸς
1281 872 1360 945 ἦν
1400 877 1653 943 Ἰησοῦς.
1690 879 1772 944 ὡς

181 957 339 1011 ἐτῶν
377 959 721 1028 τριάκοντα,
771 964 1106 1034 ἀρχόμενος
1162 964 1269 1043 ὢν,
1321 968 1403 1033 ὡς
1448 968 1769 1038 ἐνομίζετο,

182 1051 316 1117 υιὸς
342 1052 565 1123 Ἰωσὴφ
593 1054 699 1108 τοῦ
751 1054 929 1121 Ἠλεὶ,
954 1057 1062 1110 τοῦ
1100 1057 1347 1114 Ματθὰν
1368 1101 1384 1126 ,
1439 1060 1547 1114 τοῦ
1604 1063 1767 1127 Λευῒ,

185 1140 296 1195 τοῦ
333 1142 547 1211 Μελχὶ,
573 1145 667 1198 καὶ
698 1146 827 1215 ἑξῆς
854 1148 994 1202 κατὰ
1024 1150 1326 1219 ἀναφορὰν,
1371 1151 1477 1215 ἓως
1513 1153 1607 1205 τοῦ
1640 1153 1769 1223 Σὴθ,

184 1232 295 1287 τοῦ
322 1233 528 1304 Ἀδὰμ,
556 1238 663 1290 τοῦ
697 1236 867 1291 Θεοῦ.
894 1241 1007 1291 Οὐκ
1027 1241 1213 1307 ἀγνοεί
1232 1240 1276 1295 δ’
1297 1236 1392 1294 οὖν
1425 1242 1519 1309 ὅγε
1544 1243 1771 1311 φιλόπο-

186 1340 278 1387 νος
312 1324 434 1389 νοῦς
461 1326 571 1380 τῶν
605 1328 1015 1399 ἐξητασμένων,
1043 1332 1118 1395 ὡς
1146 1335 1273 1395 τοὺς
1313 1336 1413 1403 μὲν
1444 1335 1585 1388 κατὰ
1605 1335 1770 1405 νόμον

188 1416 435 1486 πατέρας
470 1417 711 1483 ἐκείνους
745 1423 812 1491 τῇ
869 1422 907 1473 Γ
913 1425 1061 1493 ραφῇ
1129 1424 1314 1477 καλεῖν
1350 1424 1601 1496 σύνηθες,
1644 1429 1771 1490 τοὺς

187 1508 557 1577 προθανόντας
616 1511 714 1581 μὲν
757 1513 1023 1579 ἄπαιδας,
1065 1515 1207 1585 πλὴν
1258 1515 1769 1587 παιδοθετηθέντας,

186 1598 257 1651 δι’
293 1600 701 1672 ἀδελφοσπόρου
735 1605 899 1673 γονῆς
963 1606 1102 1675 μετά
1124 1606 1413 1679 κοίμησιν*
1447 1611 1571 1672 τοὺς
1599 1610 1656 1662 δέ
1689 1629 1771 1664 τοι

187 1691 334 1745 κατὰ
360 1692 544 1761 φύσιν,
577 1696 843 1763 ἐκείνους,
896 1698 945 1751 οἳ
993 1701 1230 1769 μάλιστα
1263 1702 1360 1772 μὲν
1388 1704 1598 1764 ἑαυτοῖς
1636 1704 1772 1773 πρὸς

186 1783 440 1855 διαδοχὴν
475 1785 570 1839 τοῦ
607 1788 798 1855 γένους
816 1791 1003 1862 οἰκείῳ
1038 1792 1226 1865 σπόρῳ
1260 1794 1769 1865 ἑπαιδοποιήσαντο,

1872 606 2115 678 Virginis
2168 624 2431 679 sponsum
2483 623 2809 678 progressus
2863 620 2968 663 est.
3025 609 3204 665 Lu-as
3233 620 3450 673 autent,

1870 708 1993 771 post
2022 700 2326 757 Saivatoris
2358 702 2412 755 in
2446 700 2720 771 baptismo
2747 702 3196 767 declarationem,
3241 704 3452 758 oratio-

1869 807 1994 846 nem
2052 805 2205 846 suam
2265 791 2512 846 nonnihil
2563 791 2866 858 derivans,
2912 793 2981 846 ad
3032 795 3178 848 hunc
3226 795 3451 848 modum

1871 884 2062 939 scribit
2091 902 2104 938 :
2138 882 2283 937 Inter
2312 900 2462 953 quos,
2495 884 2695 956 inquit,
2732 886 2894 939 etiam
2924 884 3084 941 Jews
3116 898 3254 948 erat,
3284 904 3452 941 anno-

1871 991 1990 1029 rum
2032 976 2186 1045 quasi
2241 962 2463 1044 triginta
2523 978 2777 1045 incipiens
2830 994 2967 1041 esse,
3022 991 3083 1032 ut
3132 979 3448 1046 putabatur,

1871 1068 2014 1137 ﬁlius
2049 1068 2271 1138 Joseph,
2303 1071 2391 1138 qui
2428 1071 2527 1139 fuit
2567 1069 2713 1127 Heli.
2768 1072 2857 1137 qui
2902 1071 3006 1139 fuit
3056 1070 3307 1134 Mathau,
3360 1073 3451 1141 qui

1872 1162 1974 1231 fuit
2005 1163 2147 1225 Levi,
2184 1165 2275 1234 qui
2308 1163 2411 1233 fuit
2445 1162 2665 1223 Meiclii.
2705 1176 2757 1219 et
2796 1165 2874 1219 sic
2905 1165 3167 1232 deinceps
3200 1168 3256 1219 in
3283 1166 3453 1220 ahqu

1872 1256 2222 1312 ascendendo
2273 1273 2446 1327 usque
2489 1255 2556 1309 ad
2601 1256 2758 1320 Seth,
2789 1257 2880 1326 qui
2908 1257 3014 1327 fuit
3043 1255 3191 1322 Adae,
3224 1259 3315 1327 qui
3352 1258 3451 1325 fuit

1872 1348 1971 1402 Dei
2004 1347 2048 1400 τ.
2082 1348 2219 1402 Illud
2251 1365 2416 1418 porro
2457 1348 2684 1402 minime
2715 1350 2949 1419 ignorat,
2978 1350 3230 1419 quisquis
3263 1350 3451 1404 sedula

1871 1450 1924 1494 et
1973 1441 2247 1510 exquisita
2296 1451 2477 1495 mente
2512 1444 2771 1511 praeditus
2800 1453 2909 1509 est,
2932 1460 2995 1498 ex
3025 1460 3126 1498 usu
3158 1444 3455 1513 Scriptura:

1870 1543 2014 1594 esse,
2067 1529 2266 1599 legales
2317 1537 2498 1598 patres
2545 1545 2641 1586 eos
2698 1532 2917 1585 demum
2979 1534 3295 1602 appellare,
3333 1535 3449 1602 qui,

1871 1622 2119 1692 quamvis
2144 1621 2265 1676 sine
2298 1620 2488 1676 liberis
2527 1638 2556 1676 e
2598 1623 2708 1675 vita
2738 1623 3102 1689 decesserint,
3139 1633 3319 1679 tamen
3357 1641 3451 1694 per

1874 1713 2135 1776 sobolem,
2178 1728 2245 1767 ex
2299 1711 2543 1767 fraterno
2584 1715 2797 1769 semine
2852 1724 2975 1786 post
3022 1724 3253 1772 mortem
3296 1733 3450 1772 suam

1872 1815 2075 1869 ortam,
2109 1805 2252 1861 ﬁlios
2275 1806 2587 1862 habuerunt
2625 1825 2637 1861 :
2670 1810 2949 1863 naturales
2975 1818 3195 1873 contra,
3227 1826 3323 1865 eos
3360 1812 3451 1880 qui

188 1873 304 1927 ἐσθ’
337 1876 426 1929 ὅτε
463 1876 520 1929 δὲ
551 1880 645 1931 καὶ
669 1882 714 1932 εί
741 1882 995 1937 τεθνάσιν
1034 1885 1216 1949 αὐτοῖς
1256 1885 1484 1949 ἄπαιδες
1525 1887 1769 1957 ἀδελφοὶ,

1875 1896 2173 1966 praesertim
2226 1896 2449 1967 quidem
2512 1899 2617 1953 sibi
2659 1900 2792 1969 ipsis
2849 1901 2916 1954 ad
2983 1904 3200 1970 generis
3257 1873 3456 1973 propa—

186 1966 260 2019 δι’
281 1968 563 2036 ἀντιγόνου
594 1974 823 2042 σπορᾶς,
847 1974 947 2042 τὴν
976 1976 1275 2047 εὐκληρίαν
1302 1978 1380 2049 τῷ
1406 1980 1622 2051 ἀδελφῷ
1656 1998 1773 2035 συν-

186 2062 510 2131 εισήγαγον.
534 2063 655 2117 Τῶν
684 2067 746 2133 γέ
769 2084 851 2120 τοι
879 2069 1297 2138 εὐαγγελιστῶν,
1317 2073 1345 2123 ὁ
1374 2074 1472 2143 μὲν
1500 2074 1606 2129 τῶν
1634 2077 1773 2130 κατὰ

188 2150 352 2219 φύσιν
384 2154 637 2226 πατέρων
663 2157 839 2227 μόνων
877 2160 1231 2232 ἐπιμνησθεὶς
1278 2166 1403 2227 τοὺς
1436 2165 1577 2219 κατὰ
1610 2167 1772 2232 νόμον

186 2245 477 2315 παρῆκεν⁶
516 2250 545 2301 ό
571 2249 627 2303 δὲ
670 2250 980 2322 τοῦμπαλιν
1046 2257 1173 2318 τοὺς
1208 2256 1541 2327 κατὰφύσιν
1598 2277 1772 2332 παρα-

184 2338 437 2410 δραμὼν,
465 2344 576 2399 τῶν
616 2348 759 2400 κατά
799 2349 965 2419 νόμον
1024 2351 1211 2416 ίδικῶς
1266 2355 1613 2426 ὲπεμνήσθη’
1665 2356 1771 2409 οὐδ’

182 2432 447 2501 ὁπότερος
478 2436 570 2489 τοῦ
602 2438 810 2502 εἰκότος
845 2442 1201 2512 ἀποσφαλείς.
1223 2447 1402 2500 Καλόν
1434 2448 1477 2502 δ’
1506 2444 1773 2520 οἶμαικαὶ

195 2525 427 2589 ,ιαλαιᾶς
444 2530 579 2599 πρὸς
608 2531 764 2586 τοῦτο
779 2538 1084 2607 μαρτυρίας
1113 2540 1531 2613 ἐπιμνησθῆναι.
1552 2545 1619 2615 ἦν
1646 2545 1773 2612 παρ’

183 2614 536 2683 ἀνδρόςτινος
560 2620 912 2694 πολυΐστορος
949 2628 1387 2699 παρειλήφαμεν,
1423 2630 1652 2701 ἔχουσαν
1682 2634 1773 2686 ἐπὶ

184 2704 387 2770 λέξεως
422 2707 887 2785 οὖτως.Ἑπείπερ
914 2719 964 2769 οἱ
1001 2719 1098 2789 τῆς
1119 2721 1467 2790 γενεαλογίας
1494 2723 1599 2774 τῶν
1612 2725 1774 2794 εὐαγ-

184 2796 456 2864 γελιστῶν
507 2805 896 2877 ὲμφερόμενοι,
950 2813 999 2863 οἱ
1058 2813 1156 2882 μὲν
1229 2814 1528 2881 διεδέξαντο
1586 2819 1774 2882 παῖδες

185 2888 435 2959 πατέρας
499 2895 773 2964 γνησίους,
829 2902 879 2952 οἱ
905 2901 983 2965 δὲ,
1012 2903 1219 2974 ἑτέροις
1251 2907 1350 2974 μὲν
1380 2908 1770 2979 ἐγεννήθησαν,

185 2980 395 3053 ἑτέρων
421 2984 479 3037 δὲ
501 2989 757 3054 γεγόνασι
788 2992 1003 3062 κλήσει,
1033 2997 1361 3070 ἀμφοτέρων
1408 3001 1464 3053 δὲ
1492 3003 1712 3073 γέγονεν
1741 3005 1772 3073 ἡ

188 3073 529 3142 μνήμη,τῶν
546 3094 603 3129 τε
635 3084 1066 3152 γεγεννηκότων,
1092 3087 1188 3138 καὶ
1216 3088 1323 3141 τῶν
1340 3088 1414 3151 ὡς
1445 3093 1771 3162 γεγεννηκό-

185 3179 322 3227 των,
374 3163 550 3230 οὕτως
598 3168 880 3241 οὐδέτερον
942 3174 1049 3225 τῶν
1094 3176 1440 3245 Εὑαγγελίων
1491 3181 1769 3249 ψεύδεται,

182 3252 289 3305 καὶ
321 3254 487 3324 φύσιν
510 3258 801 3329 ἀριθμοῢν,
851 3265 943 3317 καὶ
983 3267 1175 3336 νόμοψ
1209 3240 1635 3343 ἐπετελακηγᾶρ
1674 3240 1769 3326 ἁλξ
1799 3240 1842 3295 C

184 3343 376 3415 ὶήλοις
400 3348 468 3400 τὰ
498 3349 629 3420 γένη
666 3353 789 3406 τότε
815 3354 921 3408 ἀπὸ
941 3360 1033 3409 τοῦ
1063 3359 1425 3429 Σολομῶντος,
1458 3366 1551 3415 καὶ
1584 3364 1643 3417 τὸ
1666 3367 1772 3419 ἀπὸ

180 3436 288 3489 τοῦ
326 3432 534 3503 Νάθαν,
553 3441 880 3499 ἀναστάσεσι
919 3448 1146 3515 τέκνων,
1168 3453 1260 3503 καὶ
1288 3452 1762 3525 δευτερογαμίαις.

189 3525 315 3578 Ἱνα
344 3526 401 3579 δὲ
434 3530 605 3598 σαφὲς
721 3534 782 3586 τὸ
844 3531 1161 3607 λεγόμενον,
1198 3540 1296 3611 τὴν
1336 3544 1636 3615 ἐπιπλοκὴν
1663 3548 1770 3599 τῶν

186 3616 369 3685 γενῶν
395 3618 750 3693 διηγήσομαι.

188 3716 499 3781 mentitur,
569 3716 699 3772 dum
767 3728 824 3775 et
870 3729 1121 3778 naturam
1188 3736 1240 3781 et
1309 3729 1481 3800 legem
1550 3746 1821 3792 numerat.

189 3802 495 3859 liberorum
544 3808 961 3867 suscitationem
1046 3830 1111 3870 ac
1166 3820 1395 3886 repetita
1463 3825 1811 3882 matrimonia

188 3896 269 3949 sit
296 3896 436 3965 quod
469 3897 617 3961 dico,
658 3915 917 3971 generum
952 3907 1365 3974 permistionem
1404 3927 1699 3984 exponam.

281 3988 415 4041 Ἀπὸ
448 3989 541 4043 τοῦ
572 3991 740 4045 Δαϐὶδ
758 3992 847 4046 διὰ
884 3995 1232 4067 Σολομῶντος
1255 4001 1354 4066 τὰς
1398 4006 1589 4072 γενεὰς
1640 4026 1772 4063 κατ-

188 4080 835 4156 αριθμουμὲνοις,τρίτος
856 4087 965 4139 ἀπὸ
989 4089 1173 4155 τέλους
1194 4094 1509 4164 εὑρίσκεται
1525 4100 1770 4167 Ματθάν,

187 4176 253 4238 ὃς
279 4174 535 4243 ἐγέννησε
594 4177 687 4230 τὸν
740 4177 1080 4243 Ἰακὼϐ,τοῦ
1148 4184 1345 4255 Ἰωσὴφ
1401 4187 1494 4240 τὸν
1540 4193 1771 4264 πατέρα.

203 4263 345 4317 Ἀπὸ
365 4264 421 4317 δὲ
455 4264 645 4319 Νάθαν
701 4266 796 4319 τοῦ
849 4269 1014 4322 Δαϐὶδ
1078 4275 1219 4327 κατά
1275 4277 1509 4347 Λουκιίν,
1572 4263 1772 4351 ὁμοίως

185 4354 380 4425 τρίτος
413 4356 523 4409 ἀπὸ
552 4357 743 4422 τέλους
793 4360 987 4431 Μελχί
1047 4364 1259 4420 Σκοποῦ
1286 4369 1464 4422 τοίνυν
1494 4374 1627 4443 ἡμῖν
1661 4393 1777 4428 κει-

190 4447 364 4516 μένου
425 4447 521 4501 τοῦ
566 4448 789 4521 Ἰωσὴφ,
819 4452 1192 4521 ἀποδεικτέον,
1246 4459 1363 4523 πῶς
1398 4461 1657 4535 ἑκάτερος
1684 4466 1780 4519 αὖ·

184 4537 291 4591 τοῦ
318 4538 496 4609 πατὴρ
549 4540 857 4611 ἱστόρηται,
889 4545 917 4598 δ
938 4562 996 4599 τε
1032 4546 1228 4601 Ἰακὼϐ
1269 4551 1377 4604 ἀπὸ
1407 4553 1777 4625 Σολομῶντος,

1874 1988 2150 2058 gatiouem
2182 2003 2249 2041 ex
2295 1999 2510 2043 suomet
2555 1992 2764 2045 semine
2810 1992 3016 2047 liberos
3061 2003 3449 2062 procrearnnt,

1875 2078 2153 2133 interdum
2209 2089 2391 2135 autem
2442 2083 2609 2135 etiam
2665 2082 2804 2153 (2‘2),
2864 2084 2908 2138 si
2957 2086 3199 2155 ipsorum
3254 2086 3453 2143 fratres

1874 2171 2041 2225 nullis
2073 2171 2259 2226 liberis
2300 2173 2509 2229 relictis
2543 2175 2710 2228 vitam
2742 2191 2863 2229 eum
2913 2187 3087 2232 morte
3119 2188 3455 2236 commutas-
3494 2190 3497 2191 ⁷

1875 2270 2018 2325 sent,
2048 2279 2143 2333 per
2169 2264 2656 2345 viearinmsemen
2690 2268 3061 2324 Increditatem
3106 2271 3245 2341 ipsis
3284 2273 3454 2327 colle-

1876 2365 2093 2426 gerunt.
2154 2356 2301 2428 Ergo
2367 2360 2505 2414 alter
2588 2362 3095 2431 evangelistarnm,
3175 2366 3454 2422 naturales

1874 2449 2139 2503 duntaxat
2188 2459 2373 2519 patres
2422 2466 2907 2519 commemorans,
2965 2455 3169 2526 legales
3232 2456 3455 2512 silentio
3537 2443 3541 2447 “

1875 2542 2169 2610 praeteriit;
2210 2542 2351 2596 alter
2387 2558 2606 2598 rursum
2652 2547 3045 2614 pra-termissis
3086 2548 3451 2609 naturalibus.

1874 2632 2133 2703 legalium
2170 2633 2418 2702 privatim
2458 2635 2793 2690 mentionem
2840 2636 2990 2692 fecit.
3030 2639 3082 2693 in
3119 2654 3228 2708 quo
3262 2646 3456 2693 neuter

1874 2725 1944 2778 ab
1985 2738 2052 2778 eo
2077 2724 2221 2793 quod
2257 2733 2504 2794 par'crat
2533 2727 2831 2784 aberravit.
2857 2727 2964 2785 Nec
2999 2746 3127 2784 vero
3150 2733 3456 2785 incommo-

1874 2817 2002 2871 dum
2054 2817 2218 2872 fuerit
2247 2819 2378 2888 (quo
2429 2821 2646 2890 planius
2713 2821 2857 2898 istud
2930 2822 3275 2891 ostendatur)
3318 2831 3457 2877 vete-

1876 2907 1954 2962 ris
2019 2922 2235 2978 quoqne
2302 2911 2597 2966 testimonii
2652 2913 2991 2977 meminisse,
3054 2912 3196 2982 quod
3245 2928 3274 2966 a
3337 2913 3456 2966 viro

1874 2999 2108 3069 quodam
2140 3002 2251 3071 (23)
2284 3004 2578 3057 multarum
2612 3019 2794 3059 rerum
2828 3005 3147 3073 cognitione
3180 3005 3456 3059 instructo

1875 3094 2204 3164 accepimus.
2256 3095 2311 3148 ΙιΙ
2346 3106 2527 3151 autem
2575 3098 2654 3151 sic
2684 3097 2750 3151 ad
2789 3100 3010 3150 verbum
3050 3097 3232 3152 habet.
3262 3095 3446 3162 Quan

1875 3184 2166 3253 doqnitleiu
2199 3188 2292 3256 qui
2325 3192 2379 3243 in
2411 3189 2617 3242 Christi
2648 3190 2968 3259 genealogia
3001 3193 3070 3242 ah
3100 3188 3457 3259 evangelistis

1875 3278 2209 3340 referuntur,
2241 3280 2439 3351 partim
2472 3280 2567 3333 lilii
2595 3281 2738 3334 veris
2764 3281 3017 3349 patribus
3046 3291 3453 3344 successerunt,

1876 3372 2071 3441 partim
2104 3388 2229 3426 cum
2262 3373 2332 3428 ab
2360 3374 2482 3427 aliis
2515 3373 2683 3443 geniti
2716 3383 2926 3438 essent,
2981 3374 3214 3428 aliorqu
3268 3382 3451 3428 tamen

1876 3461 1970 3516 [iiii
2004 3462 2133 3518 dicti
2156 3473 2309 3529 sunt,
2339 3472 2502 3533 atque
2535 3474 2900 3534 utrorumque
2946 3464 3153 3520 mentio
3180 3462 3321 3517 facta
3346 3473 3454 3527 est,

1878 3555 1980 3610 hoc
2023 3566 2109 3611 est
2162 3567 2215 3612 et
2256 3572 2447 3612 eorum
2482 3542 2576 3627 qui
2622 3565 2958 3629 genuerunt,
3012 3564 3069 3611 et
3111 3571 3305 3612 eorum
3360 3559 3455 3627 qui

1874 3647 2023 3700 velut
2073 3658 2405 3716 genuerunt,
2456 3648 2667 3703 idcirco
2717 3656 2976 3703 neutrum
3031 3646 3454 3714 Evangeiiorum

1880 3739 2016 3795 Nam
2080 3752 2195 3796 tum
2269 3742 2494 3798 familia:
2561 3741 2912 3808 Salomonis,
2956 3750 3009 3798 et
3051 3740 3299 3809 Natban,
3362 3758 3459 3812 per

1887 3831 2030 3888 inter
2097 3849 2155 3888 se
2186 3848 2476 3889 connexa:
2528 3842 2705 3890 erant.
2740 3832 2808 3888 Ut
2870 3844 3051 3890 autem
3106 3834 3455 3905 perspicuum

1951 4013 1993 4065 Α
2025 4011 2227 4067 Davide
2258 4027 2353 4081 per
2372 4010 2720 4066 Salomouem
2739 4010 3122 4083 generationes
3162 4023 3455 4081 recensen-

1882 4100 2050 4163 tibus,
2084 4100 2283 4156 tertius
2327 4114 2353 4153 a
2386 4099 2493 4154 ﬁne
2518 4098 2735 4154 Mathau
2768 4101 3057 4169 reperitur,
3081 4097 3453 4170 quiJacobum

1879 4191 2101 4261 Josephi
2144 4201 2351 4262 patrem
2391 4194 2602 4262 genuit.
2653 4193 2695 4245 Α
2744 4191 2958 4246 Nathan
3001 4201 3179 4246 autem
3235 4190 3453 4244 Daridis

1882 4281 1992 4337 [ilio
2017 4283 2173 4352 juxta
2206 4282 2432 4346 Lucam,
2463 4284 2652 4337 eodem
2690 4284 2853 4338 modo
2896 4282 3096 4337 tertius
3124 4297 3151 4334 a
3187 4280 3292 4335 fine
3320 4280 3453 4335 ilic!-

1875 4373 1983 4427 chi.
2020 4371 2290 4438 Quocirca
2316 4370 2673 4442 eumJoseph
2726 4373 2885 4426 nobis
2927 4387 3025 4442 pro
3054 4386 3223 4441 scopo
3250 4386 3451 4441 propo-

1877 4473 2058 4527 natur,
2086 4463 2575 4519 tlemonstraudum
2613 4474 2696 4519 est
2742 4478 2978 4531 quonam
3020 4474 3180 4533 pacto
3219 4473 3452 4532 uterque

1878 4557 2050 4627 ipsius
2076 4565 2228 4626 pater
2252 4572 2374 4611 esse
2394 4556 2595 4611 divinis
2618 4556 2839 4610 Litteris
2870 4555 3153 4625 prodatur,
3191 4554 3449 4608 nimirum

185 4629 292 4684 καὶ
334 4630 479 4684 Ἠλεὶ
508 4630 618 4684 ἀπὸ
644 4631 740 4685 τοῦ
788 4634 1003 4708 Νάθαν,
1032 4638 1290 4710 ἑκάτερον
1326 4642 1481 4709 γένος
1507 4647 1774 4715 κατάγον-

1879 4655 1933 4701 et
1970 4646 2169 4719 Joseph
2211 4649 2304 4719 qui
2346 4663 2373 4701 a
2425 4649 2718 4705 Salomone
2766 4657 2947 4701 ortum
2999 4646 3183 4712 traxit,
3223 4656 3279 4702 et
3332 4644 3449 4699 Hcli

183 4738 312 4784 τας.
368 4722 482 4777 Καὶ
507 4723 572 4795 δὴ
604 4719 739 4779 οὗνὸ
758 4743 819 4779 τε
844 4728 1071 4782 Mnes»
1128 4731 1222 4785 xui.
1246 4732 1276 4785 ό
1298 4735 1496 4806 Μελχὶ,
1529 4738 1586 4790 ἐν
1616 4739 1774 4810 μέρει

184 4814 297 4882 τὴν
320 4815 491 4887 αὐτὴν
533 4817 793 4889 ἀγόμενοι
841 4825 1099 4890 γυναῖκα,
1128 4827 1496 4899 ὁμομητρίους
1513 4831 1777 4903 ἀδελφοὺς

186 4907 710 4979 ξπαιδοποιήσαντο,
758 4911 853 4964 τοῦ
880 4913 1046 4985 νόμου
1077 4918 1152 4987 μὴ
1184 4918 1486 4985 κωλύοντος
1518 4926 1776 4994 χηρεύου-

187 4996 374 5087 σαᾼννῆ
408 4999 506 5087 και
542 5001 977 5074 ἀπολελυμένην,
1026 5006 1170 5079 ἄλλῳ
1213 5011 1531 5079 γαμεῖσθαι.
1592 5015 1775 5087 Παρα-

186 5084 405 5139 δέδοται
426 5086 629 5154 τοίνυν,
652 5090 734 5143 ὅτι
763 5092 980 5163 πρῶτος
1010 5097 1239 5153 Ματθάν
1257 5101 1284 5153 ὁ
1299 5100 1406 5155 ἀπὸ
1431 5084 1774 5174 Σολομῶντος

186 5176 455 5246 κατάγων
483 5181 543 5233 τὸ
570 5181 748 5249 γένος,
806 5183 900 5236 τὸν
936 5185 1132 5242 Ἰακὼϐ
1172 5193 1365 5264 γεννᾷ·
1393 5194 1485 5246 καὶ
1516 5194 1774 5267 τελευτή-

279 5338 298 5378 ί
342 5338 479 5396 Luc.
515 5355 599 5404 lit,
652 5339 724 5396 23
762 5356 929 5413 seqq.

1881 4740 1975 4810 qui
2014 4756 2042 4793 a
2093 4739 2328 4795 Nathan.
2379 4740 2523 4811 Ergo
2552 4750 2606 4795 et
2636 4739 2856 4794 Mathun
2888 4748 2942 4794 et
2973 4738 3163 4793 Melchi
3205 4736 3449 4792 catudem

1882 4848 2110 4888 uxorem
2152 4834 2399 4890 vicissim
2448 4835 2714 4889 ducentes
2740 4874 2754 4895 ,
2793 4833 3042 4887 uterinos
3091 4830 3290 4885 fratres
3325 4844 3451 4898 pro-

1882 4933 2161 4978 crearunt.
2200 4923 2388 4995 Neque
2416 4926 2559 4979 enim
2604 4925 2689 4979 lex
2730 4924 3078 4995 prohibebat,
3115 4940 3183 4978 ne
3210 4938 3297 4986 ea,
3331 4937 3453 4992 qua:

1885 5015 2139 5068 maritqu
2169 5025 2342 5070 morte
2366 5017 2648 5081 amiserat,
2686 5026 2779 5071 aut
2814 5016 2881 5070 ab
2918 5031 2986 5072 eo
3022 5015 3303 5086 repudiata
3338 5016 3453 5069 luce

1884 5115 1988 5169 rat,
2034 5108 2484 5163 alteri'uuberet.
2514 5107 2790 5163 Memoria:
2831 5107 3012 5179 itaque
3056 5109 3330 5177 proditum
3372 5118 3453 5160 est

1888 5199 2107 5254 Mathan
2143 5201 2403 5270 primum,
2461 5202 2553 5270 qui
2598 5218 2625 5255 a
2660 5201 2952 5256 Salomone
2985 5200 3250 5272 originem
3274 5200 3456 5254 duce-

1550 5438 1936 5498 COMBEFISII
1968 5444 2193 5502 NOTAE.

270 5521 387 5591 (22)
418 5523 479 5601 S_i
514 5527 752 5601 ipsorum
794 5528 1009 5597 fratres.
1065 5528 1377 5601 Legendntn
1418 5534 1503 5585 hic
1536 5536 1587 5586 in
1620 5532 1773 5588 Cra:-

191 5603 383 5669 co_e§t
412 5596 463 5669 ei
490 5596 765 5669 τεθνᾶσιν.
792 5596 852 5653 ut
885 5615 1086 5655 sensus
1125 5596 1315 5669 aperte
1339 5603 1604 5658 ostendit.

271 5661 387 5739 (’23)
426 5664 579 5739 Quod
633 5671 828 5739 afviro
866 5671 1113 5739 quodam.
1160 5661 1484 5728 Africanum
1546 5676 1775 5729 iunuere

194 5734 444 5814 y_idet_ttr,
472 5737 633 5814 cujus
668 5734 964 5814 denhac're
982 5744 1151 5814 verba
1190 5742 1245 5795 in
1289 5744 1529 5814 medium
1568 5744 1776 5814 profert

198 5805 476 5863 Eusebius
524 5808 664 5864 lib.|
722 5808 922 5864 Ea‘lrs.
973 5812 1098 5865 hist.
1146 5826 1267 5882 cap.
1321 5813 1371 5867 7.
1422 5805 1581 5871 Hanc"
1609 5830 1773 5886 porro

1886 5540 2063 5608 ipsius
2085 5542 2391 5615 rationem,
2426 5544 2631 5615 quibus
2664 5547 3004 5615 argumentis
3027 5546 3339 5600 convellere
3370 5546 3456 5600 ui-

1884 5619 2031 5684 tatur
2076 5612 2348 5684 Quia‘nder
2377 5614 2569 5684 avide
2622 5612 2766 5684 apud
2814 5615 3164 5672 Mclchioretu
3205 5616 3454 5680 Canum,

1885 5680 1977 5734 lib.
2003 5698 2031 5756 _i_
2070 5681 2160 5756 _De_
2194 5682 2321 5736 locis
2386 5680 2810 5756 theologq—cap.
2868 5687 2921 5751 ii,
2962 5688 3053 5742 ubi
3123 5687 3289 5742 etiam
3323 5687 3459 5756 ipsis

1883 5752 2254 5809 eruditissime
2296 5752 2620 5824 respondet.
