4202 6448
130 428 221 515 857

1144 451 1226 511 IN
1267 441 1788 513 NATIVITATEM
1843 452 1907 510 B.
1951 449 2235 510 MARLE.
2279 449 2394 508 III.

3262 445 3368 511 858

125 562 311 630 γοῦνια
338 559 493 623 δῆλον
515 558 685 628 αὐτὴν
714 554 855 612 εἶναι
882 560 945 613 ἐκ
975 561 1174 627 Δαδίδς
1230 565 1306 616 Οὐ
1339 564 1448 634 γὰρ
1503 565 1569 617 ἂν
1606 563 1682 634 μὴ

1789 576 1909 615 eam
1956 563 2162 615 editum
2211 569 2317 618 est.
2366 557 2673 613 vaticinans
2705 555 2924 613 Gabriel
2954 597 2967 617 .
3023 563 3222 627 praeter
3261 558 3367 611 alia

126 654 187 707 ἐκ
232 650 391 704 Δαόιδ
432 649 801 723 τυγχανούσῃ,
852 651 912 702 τὸ
958 651 1143 707 Δὼσει
1199 654 1360 719 αὐτῷ
1420 658 1451 709 ό
1517 656 1682 720 Θεὸς,

124 740 341 811 εἰρήκει,
397 734 504 790 τὸν-
545 738 761 807 θρόνον
798 738 976 792 Δαϐίδ
1024 741 1131 795 τοῦ
1182 744 1408 811 πατρὸς
1472 743 1683 797 αὐτοῦ.

127 829 277 884 ιιοίου
324 829 433 898 γὰρ
479 829 682 900 πατρὸς
727 829 792 882 ἂν
836 830 1117 902 είκότωςή
1164 833 1441 904 Παρθένος
1473 836 1684 905 ἠρώτα,

125 921 447 990 ὁμολογοῦσα
480 921 580 991 μὲν
610 922 692 973 ὅτι
728 921 898 992 ἄνδρα
928 923 990 976 οὐ
1022 922 1313 991 γινώσκει,
1341 925 1590 994 μαθοῦσα
1629 926 1685 979 δὲ

126 1010 277 1063 ὄτιὲκ
297 1010 611 1080 Πνεῦματος
654 1004 811 1077 ἁγίου
839 1010 1190 1081 συλλήψεται,
1224 1015 1273 1067 εί
1323 1014 1397 1085 μὴ
1439 1016 1615 1086 σαφὴς
1659 1017 1687 1068 ὁ

124 1101 270 1169 λόγος
301 1096 366 1172 ἦν
398 1101 533 1173 πρὸς
567 1101 842 1171 θυγατέρα
900 1094 1077 1156 Δαϐὶδ
1114 1104 1437 1173 λεγόμενος;
1494 1108 1686 1160 Ἔνθεν

123 1193 280 1261 φησὶν
317 1192 539 1255 εἰκότως
562 1194 588 1245 ό
618 1194 849 1256 Λουκᾶς·
871 1193 1071 1262 Ἀνέϐη
1105 1194 1174 1248 δὲ
1207 1196 1303 1249 καὶ
1343 1197 1565 1267 Ἰωσὴφ
1617 1200 1687 1254 ἐκ

122 1284 229 1352 τῆς
259 1284 585 1349 Patriciae
605 1283 670 1337 ἐκ
708 1282 818 1352 τῆς
866 1285 1100 1351 πόλεως
1137 1285 1398 1356 Ναζὶιρὲθ
1447 1292 1534 1353 etc
1573 1290 1687 1359 τὴν

122 1376 403 1430 Ἰουδαίαν
432 1376 895 1444 ἀπογράψασθαι
937 1378 1026 1442 εὶς
1072 1378 1251 1431 πόλιν
1309 1379 1506 1443 Δαϐίδ,
1559 1380 1687 1448 ἣτις

122 1470 378 1524 καλεῖται
403 1469 692 1537 Βηθλεὲμ,
720 1468 817 1523 διὰ
855 1471 920 1523 τὸ
953 1466 1105 1524 εἶναι
1154 1472 1342 1524 αὑτὸν
1402 1473 1470 1538 ἐξ
1514 1473 1686 1527 οἴκου

122 1564 217 1617 καί
249 1563 496 1631 πατριᾶς
517 1564 713 1630 Δαϐίδ,
746 1564 869 1618 σὺν
908 1565 1141 1632 Μοριὰν
1188 1563 1263 1633 τῇ
1307 1583 1686 1634 μεμνηστευ-

115 1652 263 1723 per”
301 1654 459 1718 αὐτῷ
487 1655 645 1722 οὔσῃ
686 1655 899 1723 ἐτκύῳ.
935 1656 1134 1707 Οὐκέτι
1174 1655 1282 1726 γὰρ
1326 1658 1427 1725 τὴν
1476 1656 1685 1727 παροῦ·

121 1764 217 1798 σαν
236 1746 546 1814 ἁμφιῦόλως
574 1746 1003 1815 ἀνα-γνωσόμεθα
1030 1746 1174 1811 λέξιν
1197 1785 1211 1805 ,
1236 1746 1310 1810 ὡς
1339 1748 1437 1817 τῆς
1471 1748 1686 1818 Μαρίας

117 1836 537 1905 ἀπογράψασθαι
580 1838 740 1908 μόνον
767 1837 1146 1908 συνελθούσης.
1172 1838 1288 1891 ἀλλ’
1325 1839 1400 1901 ὡς
1463 1840 1554 1892 καὶ
1586 1840 1684 1893 αὖ·

1791 654 1894 708 Ιιοο
1933 669 2152 723 quoque
2188 653 2329 707 dixit
2359 673 2370 705 :
2412 648 2477 704 Et
2505 649 2653 705 dabit
2685 653 2735 705 ei
2757 650 3019 704 Dominus
3053 649 3228 704 sedem
3253 649 3369 713 Da-

1787 744 1874 798 rid
1906 745 2077 810 patris
2117 744 2231 813 ejus
2258 751 2305 799 °.
2362 744 2632 810 Quidnam
2691 743 2820 797 binc
2874 739 3118 798 docens?
3163 741 3370 813 Nempe

1787 832 1933 903 quod
1976 830 2146 886 David
2170 833 2315 901 ejus,
2341 832 2435 902 qui
2464 848 2529 887 ex
2557 847 2621 887 ea
2654 832 2967 887 nasciturus
2992 842 3132 898 eral,
3167 848 3369 903 parens

1788 935 1954 980 esset.
2011 925 2075 978 Et
2112 926 2205 995 qni
2263 924 2483 979 tandem
2531 926 2739 991 alioqui
2779 933 3213 981 consentaneum
3251 933 3369 982 erat

1788 1004 2040 1083 angelum
2070 1014 2154 1069 lllS
2178 1014 2244 1067 ad
2265 1012 2545 1083 Virginem
2580 1015 2759 1068 verbis
2783 1013 2880 1078 uti,
2908 1014 3015 1067 nisi
3049 1015 3177 1081 quia
3204 1015 3365 1067 simul

1787 1120 2007 1175 quoque
2046 1120 2164 1159 eam
2216 1120 2282 1159 ex
2330 1104 2532 1158 Davitle
2572 1114 2763 1173 ortam_
2794 1121 2918 1160 esse
2968 1104 3369 1158 conﬁtebatur?

1787 1196 1975 1269 Neque
2003 1199 2150 1253 enim
2185 1197 2258 1251 ad
2287 1212 2431 1259 eam,
2475 1199 2580 1253 nisi
2620 1213 2685 1252 ex
2722 1196 2923 1253 Davide
2959 1206 3364 1267 promanasset,

1780 1292 1905 1367 ipse
1944 1292 2175 1346 dixisset
2220 1308 2233 1344 :
2280 1290 2439 1344 Dabit
2493 1292 2541 1345 ei
2589 1289 2728 1345 Deus
2774 1291 2951 1344 sedem
2992 1290 3159 1345 David
3191 1291 3364 1359 patris

1786 1383 1893 1437 sui.
1953 1382 2253 1449 Cujusnam
2293 1384 2441 1435 enim
2502 1382 2698 1452 patris,
2732 1385 2927 1435 merito
2973 1381 3367 1452 interrogasset

1789 1472 1975 1544 Virgo,
1998 1490 2120 1542 qua:
2150 1472 2515 1528 conﬁtebatur
2564 1474 2781 1543 quidem
2824 1474 2967 1543 quod
3022 1474 3197 1527 virum
3257 1488 3363 1526 non

1787 1574 2147 1636 cognosceret
2193 1568 2559 1637 (intellexerat
2591 1574 2773 1619 autem
2819 1564 2934 1620 fore
2968 1573 3025 1619 ιιι
3051 1582 3117 1618 ex
3156 1563 3364 1633 Spiritu

1787 1670 1981 1713 sancto
2027 1659 2425 1727 conciperet),
2474 1657 2576 1711 nisi
2624 1657 2915 1726 perspicue
2974 1657 3090 1726 ipse
3147 1656 3212 1709 ad
3262 1656 3364 1706 Da-

1789 1748 1930 1801 vitlis
1961 1748 2124 1801 tiliam
2159 1746 2513 1814 loqueretur?
2552 1745 2705 1801 Unde
2727 1763 2834 1798 non
2866 1747 3141 1799 imnteritn
3167 1762 3195 1796 a
3217 1743 3365 1798 Luca

1788 1838 1997 1891 dictum
2028 1846 2146 1893 est:
2184 1837 2438 1891 Ascendit
2462 1846 2639 1890 autem
2672 1847 2720 1890 et
2752 1835 2951 1903 Ioseph
2981 1854 3011 1888 a
3050 1834 3280 1889 Galilwa
3305 1851 3367 1888 ex

115 1929 211 1996 τῆς
238 1927 329 1979 σὺν
349 1927 426 1998 τῷ
462 1928 663 1995 Ἰωσὴφ
688 1927 747 1992 ἐξ
775 1928 926 1981 οἴκου
958 1929 1050 1981 καὶ
1084 1930 1317 1998 πατριᾶς
1343 1928 1525 1993 Δαὸὶδ,
1580 1930 1680 2000 τῆς

1789 1932 2000 1985 civitate
2060 1929 2336 1984 Nazareth
2388 1928 2747 1990 inludwam,
2804 1940 2860 1981 ut
2912 1929 3263 1997 proﬁtentur
3313 1928 3366 1980 iu

115 2017 365 2087 τοιαύτης
387 2017 683 2088 ἑρμηνείας
712 2018 837 2080 τοὺς
871 2016 1060 2084 λόγους
1091 2020 1153 2069 ἐκ
1197 2017 1306 2069 τῶν
1355 2016 1683 2086 ἀποδεδομέ-

116 2127 218 2160 νων
247 2108 473 2177 ἔχοντες.
500 2107 776 2178 Δεδεῖχθαι
835 2108 1126 2177 τοιγαροῦν
1173 2109 1360 2178 σαφῶς
1417 2109 1680 2179 ἠγοῦμαι,

116 2201 196 2252 ὅτι
254 2198 325 2268 μὴ
405 2197 583 2267 μάτην
644 2197 840 2266 Ἰωσὴφ
916 2198 1319 2266 γενεαλογεϊται
1374 2200 1520 2271 παρὰ
1572 2194 1691 2263 τοῖς

116 2290 277 2353 θεῖοις
326 2289 759 2358 εὐαγγελισταϊς,
808 2281 851 2357 ᾧ
892 2291 1028 2360 πρὸς
1064 2289 1308 2361 ἀνάγκης
1334 2291 1428 2342 καὶ
1471 2291 1502 2359 ή
1536 2290 1685 2360 Παρ-

116 2380 263 2444 θένος
287 2382 551 2448 ἀπόγονος
574 2380 706 2434 οὖσα
738 2379 925 2443 Δαὸὶδ,
956 2380 1308 2450 ὲφεπομένως
1336 2382 1683 2452 γνωρίζεται,

117 2475 207 2525 καὶ
237 2476 263 2526 ό
294 2473 411 2525 καθ’
445 2473 719 2542 ὑπεροχὴν
760 2472 1035 2543 θαύματος
1066 2471 1124 2538 ἐξ
1158 2473 1327 2544 αὐτῆς
1355 2472 1689 2543 γεγεννημέ-

116 2583 204 2629 νος
255 2565 484 2635 Χριστὸς
526 2564 753 2636 Ἰησοῦς,
779 2566 807 2618 ό
854 2565 946 2619 τοῦ
977 2566 1111 2619 Θεοῦ
1162 2567 1489 2637 προαιώνιος
1528 2568 1684 2631 Παῖς.

114 2655 224 2709 Καὶ
253 2656 280 2707 ὁ
307 2656 516 2718 τούτοις
560 2656 865 2724 ἀντιλέγειν
920 2655 1281 2726 πειρώμενος,
1332 2656 1455 2709 καθ’
1494 2656 1685 2709 ἑαυτοῦ

114 2749 369 2817 πειρᾶται
405 2746 606 2817 μᾶλλον
638 2745 732 2800 τοῦ
757 2746 952 2800 ἑαυτοῦ
983 2745 1230 2816 γλώττης
1267 2746 1579 2817 παραθῆξαι
1628 2746 1689 2799 τὸ

111 2841 284 2908 ξίφος,
320 2839 410 2891 καὶ
444 2837 607 2910 ἱερῶν
645 2837 749 2904 ἔξω
777 2838 875 2909 τῆς
901 2838 1178 2910 ἡμετέρας
1227 2837 1398 2907 αὐλῆς
1448 2838 1688 2909 ὲρῤίφθω

110 2929 314 3000 θυρῶν.
361 2929 522 2999 Ἡμῖν
569 2928 625 2982 δὲ
650 2922 731 2992 οἷς
763 2931 791 2982 ὁ
823 2929 916 2985 τοῦ
950 2928 1087 2981 Θεοῦ
1118 2929 1289 2997 Λόγος
1322 2927 1686 2999 ἐξαπεστάλη,

107 3024 139 3090 ἡ
174 3020 332 3091 χάρις
373 3020 468 3072 καὶ
508 3020 541 3089 ἡ
573 3018 825 3090 ἀλήθεια,
855 3020 1021 3090 μηδὲν
1050 3020 1132 3074 ὅτι
1181 3020 1342 3073 πλέον
1378 3020 1486 3073 τῶν
1534 3024 1690 3092 εἰρη-

112 3115 289 3183 μένων
316 3112 520 3177 ἐξέστω
549 3112 946 3183 διερευνᾶσθαι,
996 3111 1096 3181 τῆς
1125 3112 1273 3176 θείας
1307 3116 1439 3184 ἡμῖν
1467 3114 1688 3185 Γραφῆς

105 3205 563 3276 ἀπο-,εραττούσης
580 3204 686 3258 τῶν
721 3204 1033 3276 βαθυτέρων
1060 3205 1157 3277 τὴν
1184 3205 1376 3277 ἔρευνα
1388 3226 1429 3261 ν.
1466 3210 1532 3263 Ἀ
1560 3209 1685 3279 γὰρ,

1788 2024 2000 2075 civitate
2043 2020 2389 2090 David,.qute
2410 2031 2630 2075 uocatur
2673 2007 3055 2079 Betltleent,'eo
3086 2018 3221 2088 quod
3260 2019 3368 2083 ipse

1784 2122 1919 2164 esset
1942 2112 2005 2163 de
2035 2110 2191 2165 domo
2222 2122 2269 2164 et
2300 2111 2511 2180 familia
2554 2110 2744 2173 Dauid,
2781 2128 2898 2164 cum
2938 2108 3115 2163 Maria
3146 2112 3366 2177 despon-

1788 2213 1906 2257 sata
1929 2204 2384 2274 sibi,prtcgnante
2413 2214 2462 2255 ι).
2511 2201 2630 2255 Non
2676 2202 3181 2271 enimpmsentcm
3226 2203 3369 2255 hunc
3426 2244 3429 2247 .

1788 2296 1970 2350 locum
2001 2297 2220 2367 ancipiti
2276 2311 2445 2350 sensu
2479 2295 2746 2365 legemus,
2796 2302 3058 2362 ιιιιιιιιιιιιιι
3104 2293 3271 2347 Maria
3303 2310 3370 2346 eo

1787 2387 2055 2440 duntaxat
2112 2386 2338 2440 ttotnine
2390 2400 2493 2438 una
2554 2400 2679 2439 cum
2712 2399 2778 2439 eo
2813 2384 3054 2453 profecta
3086 2392 3259 2446 esset,
3310 2390 3369 2434 nt

1790 2494 1987 2533 nomen
2011 2495 2168 2531 suum
2200 2478 2573 2548 proﬁteretur,
2596 2492 2785 2531 verum
2821 2485 2877 2529 ιιι
2907 2492 3027 2546 qttze
3061 2477 3225 2530 etiam
3252 2476 3368 2543 ipsa

1790 2587 1896 2625 una
1943 2587 2066 2623 cum
2117 2567 2358 2639 Joseplto
2409 2568 2479 2623 de
2538 2567 2761 2624 Davidis
2823 2569 2987 2622 do:uo
3039 2583 3103 2622 ac
3165 2566 3367 2620 familia

1788 2672 1951 2719 esset.
2003 2662 2240 2731 Hujusce
2288 2662 2493 2731 quippe
2539 2661 3019 2730 interpretationis
3074 2659 3365 2721 rationem,

1789 2770 1857 2809 ex
1890 2755 1975 2809 bis
2015 2769 2134 2824 qua:
2165 2752 2218 2806 in
2251 2752 2522 2822 superiori
2560 2762 2705 2807 textu
2734 2753 3169 2819 subsequuntur,
3200 2750 3369 2803 habe-

1792 2860 1935 2901 mus.
2004 2843 2288 2901 Manifeste
2337 2845 2505 2914 igitur
2559 2854 2845 2899 ostensum
2908 2858 3032 2897 esse
3105 2841 3368 2905 arbitror,

1790 2935 2011 3007 Joseplti
2048 2952 2221 3008 genus
2250 2936 2392 3005 apud
2422 2929 2788 3006 evangelis‘tas
2813 2950 2919 2989 non
2956 2933 3155 2989 frustra
3184 2948 3372 2986 recen-

1792 3030 1923 3093 seri,
1964 3044 2029 3083 ex
2069 3045 2176 3098 quo
2220 3028 2540 3084 necessario
2590 3026 2755 3097 Virgo
2811 3042 3031 3096 quoque
3084 3042 3113 3077 ιι
3171 3022 3373 3077 ΙὶιινιιΙο

1792 3119 2023 3173 oriunda
2056 3134 2178 3173 esse
2203 3134 2297 3188 per
2318 3119 2769 3173 consecutionem
2809 3116 3157 3185 intelligitur,
3201 3123 3255 3167 et
3279 3114 3371 3180 ιιιιί

1794 3210 2129 3279 praecellenti
2166 3211 2435 3263 miraculo
2463 3224 2527 3264 ex
2564 3210 2679 3278 ipsa
2729 3208 2949 3277 genitus
2985 3215 3067 3262 est
3098 3206 3370 3266 Christus.

109 3273 273 3363 φησι,
298 3273 640 3363 προσεέἀγη
665 3273 785 3357 σοι,
819 3273 1006 3350 ταῦ-τα
1037 3273 1307 3360 διανοοῦ,
1328 3297 1426 3349 καὶ
1456 3273 1687 3365 adnixa?

1800 3302 2216 3356 antcswcularis
2266 3300 2359 3355 Dei
2388 3302 2579 3356 Filius.
2605 3302 2680 3355 Ac
2705 3301 2959 3372 quisquis
2989 3300 3074 3354 his
3095 3298 3372 3361 adversati

103 3388 247 3455 τερά
267 3404 384 3442 σου
405 3387 491 3458 μὴ
523 3387 701 3454 ζήτει.

1802 3392 2017 3455 nititur,
2051 3392 2316 3446 adversus
2352 3393 2593 3460 seipsum
2630 3392 3033 3462 potiuslingua:
3053 3404 3369 3443 mucronem

102 3501 306 3539 acuere
335 3493 590 3539 conatur.
626 3483 802 3552 Atque
830 3501 858 3537 a
892 3485 1263 3540 sacrosanctis
1286 3494 1487 3539 nostrae
1515 3485 1687 3539 caula:
1723 3487 1897 3555 portis
1931 3486 2079 3540 foras
2114 3487 2462 3557 projiciatur.
2493 3486 2665 3541 Nobis
2689 3496 2894 3552 autem,
2934 3488 3000 3540 ad
3068 3501 3208 3555 qttos
3275 3482 3370 3538 Dei

106 3578 347 3635 Verbum
403 3579 629 3632 missum
675 3587 780 3640 est,
827 3578 1113 3650 gratiaque
1157 3590 1212 3634 et
1256 3582 1484 3644 veritas,
1545 3580 1682 3634 nihil
1754 3582 1901 3636 ultra
1977 3596 2063 3646 ea,
2114 3599 2233 3653 qua:
2294 3598 2322 3635 ει
2378 3583 2537 3638 nobis
2599 3581 2747 3637 dicta
2804 3592 2971 3645 sunt,
3033 3578 3368 3651 perscrutari

103 3680 291 3737 liceat,
328 3674 619 3745 Scriptura
660 3673 919 3727 nimirum
964 3675 1222 3728 altiorum
1288 3689 1472 3729 rerum
1520 3673 1926 3745 indagationem
1957 3677 2475 3733 nobisobstruente.
2548 3677 2681 3743 Qua:
2737 3674 2884 3729 enim
2945 3673 3042 3727 tibi
3110 3682 3370 3741 praecata

98 3775 267 3830 sunt,
338 3765 554 3835 inquit,
623 3780 686 3817 ea
744 3766 965 3833 cogita:
1005 3775 1055 3819 et
1117 3764 1315 3819 altiora
1348 3774 1396 3819 te
1447 3782 1511 3819 ne
1563 3766 1867 3835 qutesiveris
1888 3775 1936 3820 (ι.

174 3857 249 3912 Σὺ
282 3857 399 3919 οὖν,
425 3850 471 3911 ὦ
520 3856 765 3922 Ἰουδαῖε,
805 3857 961 3920 σύνες
991 3857 1100 3908 τῶν
1129 3856 1438 3927 εἰρημένων
1472 3855 1570 3926 τὴν
1595 3856 1685 3909 δύ-

95 3968 293 4021 ναμιν,
324 3952 418 4005 καὶ
459 3951 535 4021 μὴ
569 3948 874 4021 ζυγομάχει
902 3950 1041 4020 πρὸς
1072 3949 1171 4021 τὴν
1201 3951 1483 4021 ἀλήθειαν.
1526 3949 1687 4003 Ἀπόο

96 4047 200 4097 6ου
239 4045 341 4113 τὴν
371 4042 677 4114 ἀμφίϐολον
717 4042 964 4113 γνώμην,
1020 4044 1113 4097 καὶ
1161 4042 1427 4113 διχονοίας
1469 4042 1687 4107 ἁπάσης

94 4135 298 4206 χωρὶς,
348 4135 416 4203 τῇ
466 4134 653 4203 χάριτι
685 4132 1085 4201 στοιχειώθητι,
1120 4131 1185 4186 δι’
1243 4128 1312 4204 ἦς
1338 4134 1546 4203 λυθήσῃ
1581 4132 1690 4186 τῶν

91 4223 327 4293 δεσμῶν
382 4220 478 4275 τοῦ
531 4222 1013 4294 γραμματοκύφου
1067 4223 1257 4291 ζυγοῦ.
1316 4222 1578 4296 Περιελοῦ
1627 4222 1690 4275 τὸ

96 4314 407 4384 κάλυμμα·
469 4313 711 4383 καθαρὸν
772 4312 921 4377 δέξαι
990 4314 1095 4366 τῶν
1159 4315 1566 4385 γεγραμμένων
1629 4313 1689 4366 τὸ

95 4404 259 4474 φῶςσ
290 4405 619 4475 παράδραμε
659 4403 757 4466 τὰς
795 4404 972 4467 σκιὰς,
1011 4406 1104 4457 καὶ
1140 4405 1265 4467 τοὺς
1284 4404 1485 4468 τύπους
1517 4405 1687 4458 κατάσ

90 4500 250 4550 λιττε.
308 4498 528 4567 Γυμνὴν
582 4496 740 4567 δέχου
799 4496 898 4567 τὴν
952 4497 1133 4567 χάριν.
1198 4496 1563 4560 Ἀδιστάκτως
1618 4499 1685 4568 τῇ

88 4589 338 4660 ἀληθείᾳ
374 4588 613 4660 πρόσιθι.
650 4588 908 4654 Δόξασον,
951 4587 1197 4658 ὕμνησον
1242 4589 1332 4641 τὸν
1362 4589 1506 4642 οὕτω
1555 4589 1686 4641 ταῦ-

1858 3857 2244 3923 Quamobrem,
2265 3872 2298 3911 ο
2324 3855 2530 3921 Iudaee,
2552 3872 2748 3912 eorum
2772 3872 2894 3927 quae
2918 3857 3372 3911 commemoravi—

1790 3966 1934 4012 mus,
1969 3951 2075 4003 vitn
2120 3950 2365 4018 intellige
2399 3967 2411 4002 :
2447 3964 2548 4005 nec
2580 3950 2847 4003 adversus
2878 3949 3161 4003 veritatem
3192 3957 3363 4003 certa.

1788 4041 2098 4110 Ancipitem
2149 4050 2386 4095 mentem
2421 4040 2624 4109 abjice,
2667 4055 2732 4094 ac
2763 4041 2905 4094 citra
2942 4041 3105 4094 ullam
3145 4039 3365 4093 dubita-

1787 4134 1995 4189 tionem
2030 4134 2208 4203 gratia
2240 4133 2483 4195 ambula,
2512 4148 2610 4203 per
2634 4148 2797 4203 quam
2827 4132 2936 4196 ﬁet,
2963 4141 3019 4185 ut
3043 4132 3162 4202 jngi
3194 4133 3364 4192 illius.

1791 4239 1901 4294 quo
1952 4224 2149 4278 littera:
2178 4230 2370 4277 cortex
2415 4230 2467 4277 te
2519 4230 2751 4286 curvat,
2805 4221 3042 4276 vinculis
3080 4220 3362 4275 eximaris.

1791 4312 2003 4369 Excute
2031 4313 2279 4367 velamen
2313 4329 2325 4365 :
2360 4326 2554 4380 puram
2594 4325 2784 4367 eorum
2831 4325 2955 4380 qua:
3001 4310 3209 4378 scripta
3239 4318 3368 4364 sum

1792 4406 1967 4460 lucem
1995 4403 2206 4473 excipe.
2238 4401 2476 4459 Umbras
2509 4404 2746 4473 praeteri,
2771 4418 2836 4458 ac
2867 4402 3070 4473 ﬁguras
3094 4402 3364 4470 relinque.

1791 4495 2000 4551 Nudam
2030 4496 2263 4566 gratiam
2289 4496 2497 4562 accipe.
2523 4494 2655 4549 Sine
2677 4494 2788 4548 ulla
2811 4494 2978 4548 animi
3012 4493 3370 4563 ambiguitate

1786 4587 1854 4641 ad
1888 4589 2176 4642 veritatem
2217 4586 2437 4641 accede.
2481 4585 2620 4639 Eum
2646 4624 2662 4648 ,
2704 4587 2797 4656 qui
2859 4586 2974 4640 bare
3022 4586 3094 4639 ita
3145 4584 3367 4647 sanxit,

85 4698 165 4732 -τα
200 4679 558 4734 θεσπίσαντα.
602 4676 737 4732 Εἷπε
768 4679 1078 4742 Μωσαῖκῶς
1108 4697 1119 4710 ·
1156 4675 1344 4745 Οὗτός
1364 4697 1483 4749 μου
1518 4678 1681 4744 Θεὸς,

1796 4678 1953 4733 lauda
1994 4688 2049 4733 et
2081 4678 2335 4748 przedica.
2381 4676 2475 4730 Dic
2520 4675 2822 4732 Mosaicutn
2869 4678 2923 4732 in
2971 4677 3191 4732 modum
3221 4695 3235 4731 :
3270 4675 3370 4728 Hic

86 4773 201 4826 καὶ
251 4770 496 4835 δοξάσω
536 4771 741 4835 αὑτὸν,
789 4771 933 4836 Θεὸς
983 4771 1091 4825 τοῦ
1134 4771 1358 4838 πατρός
1396 4788 1537 4839 μου,
1590 4770 1688 4824 καὶ

86 4861 332 4931 ὑψώσω
360 4864 569 4917 αὐτόν.
603 4862 695 4915 Σοὶ
724 4863 824 4932 μὲν
857 4857 952 4915 οὖν
980 4863 1087 4925 ἀεὶ,
1132 4862 1225 4916 καὶ
1265 4863 1427 4915 παντὶ
1458 4862 1536 4932 τῷ
1563 4861 1686 4930 βου-

85 4952 340 5024 λομένῳ,
375 4953 552 5007 ταῦτα
600 4952 805 5017 ἐξέστω
848 4953 941 5006 καὶ
991 4955 1233 5023 φρονεῖν,
1275 4952 1370 5006 καὶ
1413 4951 1689 5005 διδάσκειν

85 5044 325 5114 ὁμοίως.
370 5045 533 5116 Ἡμῖν
581 5046 659 5111 δὲ,
698 5040 779 5108 οἷς
806 5044 1016 5114 παγίως
1047 5045 1390 5117 ὲνεσημάνθη
1425 5046 1524 5116 τῆς
1558 5044 1688 5116 ἁληο

86 5137 255 5199 θείας
289 5136 353 5187 τὸ
386 5137 524 5203 φῶς,
567 5138 629 5189 οὐ
659 5137 823 5208 σχολή
860 5153 924 5204 γε
961 5137 1030 5190 τὰ
1075 5137 1247 5189 πλείω
1278 5135 1681 5207 διερευνᾶσθαι,

87 5228 197 5282 καὶ
232 5230 372 5298 πρὸς
412 5227 641 5297 ἄπειρον
689 5228 1033 5297 διεξαγαγεῖν
1065 5226 1158 5280 τὸν
1194 5228 1374 5295 λόγον,
1419 5227 1686 5298 εὐκρινῶς

86 5324 268 5389 ἄγαν,
309 5321 403 5373 καὶ
435 5320 511 5383 ὡς
546 5321 770 5383 εὐπετὲς
790 5316 857 5389 ἦν
882 5320 987 5389 τῆς
1016 5319 1275 5389 ἀληθείας
1310 5319 1688 5390 παραδειχθεί-

85 5426 227 5479 σης.
264 5410 390 5462 Ὅτι
439 5409 513 5481 μὴ
548 5407 945 5480 πανηγυρίζειν
977 5408 1283 5473 ἐθέλοντας,
1318 5411 1397 5470 εἰς
1448 5407 1684 5479 συζητῆ-

88 5516 223 5560 σεις
277 5500 621 5553 κατατείνειν
674 5501 803 5562 τοὺς
862 5501 1054 5567 λόγους
1103 5499 1270 5563 εἰκὸς,
1327 5499 1690 5553 ἀνακόλουθον

85 5591 239 5660 γάρ.
289 5591 429 5643 Ἀλλ’
462 5593 557 5643 ἐπὶ
600 5591 697 5662 τὴν
746 5571 948 5644 νύσσαν
986 5593 1014 5642 ό
1040 5591 1197 5659 λόγος
1228 5591 1343 5654 ἴτω,
1376 5590 1468 5644 καὶ
1498 5592 1565 5645 τὰ
1592 5596 1689 5664 τῆς

84 5682 322 5752 ἡμέρας
356 5681 516 5748 ἐξίτω
550 5682 843 5752 μυστήρια,
870 5683 1001 5734 εἴσω
1038 5681 1276 5752 μάλιστα
1321 5680 1498 5753 θυρῶν
1523 5683 1688 5736 ἑστώ-

166 5820 197 5896 ἶ
233 5855 417 5927 Luca,
450 5860 537 5916 δε.
621 5870 645 5911 p
678 5859 808 5915 ιιι».
846 5877 905 5927 ιι,
952 5860 997 5926 ι,
1036 5860 1086 5916 3.
1166 5872 1192 5911 τι
1233 5860 1399 5918 Eccli.
1441 5880 1522 5930 ιιι,
1564 5865 1655 5922 22.

1795 4771 1936 4826 Deus
1969 4788 2112 4825 meus
2137 4812 2151 4836 ,
2181 4779 2231 4845 et
2260 4770 2577 4842 glorificabo
2603 4787 2742 4835 eum,
2779 4770 2922 4826 Deus
2960 4774 3130 4841 patris
3157 4772 3281 4837 mei,
3321 4780 3370 4824 et

1792 4864 2041 4918 exaltabo
2076 4863 2230 4917 illum
2272 4874 2321 4917 τ.
2354 4862 2476 4918 Tibi
2520 4864 2686 4934 igitur
2724 4874 2778 4918 et
2819 4864 2999 4919 cuivis
3028 4864 3126 4919 alii
3164 4864 3279 4918 hate
3316 4873 3372 4917 et

1794 4956 2030 5020 sentire,
2061 4964 2113 5010 et
2150 4953 2346 5010 eodem
2379 4955 2539 5009 modo
2576 4955 2778 5011 docere
2826 4955 3014 5011 liceat.
3068 4953 3239 5009 Nobis
3268 4970 3371 5008 an-

1796 5057 1929 5111 tem,
1961 5047 2014 5099 in
2070 5047 2274 5117 quibus
2302 5046 2549 5100 veritatis
2580 5046 2764 5100 lumen
2799 5045 2954 5100 ﬁrme
2980 5047 3370 5115 consignatum

1794 5146 1900 5199 est,
1937 5138 2093 5207 plura
2128 5137 2468 5208 perscrutari
2502 5152 2612 5192 non
2644 5146 2829 5201 vacat,
2861 5154 3288 5208 sermonemque
3318 5140 3370 5192 in

1794 5228 2068 5282 infinitum
2118 5229 2450 5299 producere,
2500 5245 2566 5285 ac
2622 5231 2922 5300 praesertim
2972 5231 3278 5286 luculenter
3320 5240 3375 5284 et

1792 5334 1957 5389 quam
1999 5320 2254 5375 facillime
2283 5320 2397 5373 ﬁeri
2430 5328 2665 5389 poterat,
2699 5320 3083 5376 demonstrata
3118 5322 3368 5377 veritate.

1793 5409 1977 5479 Neque
2004 5412 2149 5464 enim
2190 5413 2448 5466 convenit
2471 5454 2485 5476 ,
2519 5422 2578 5466 ut
2608 5413 2699 5481 qui
2735 5412 3057 5467 concionari
3112 5427 3178 5466 ac
3236 5412 3369 5467 festa

1795 5502 2074 5554 celebrare
2122 5501 2335 5567 volunt,
2383 5503 2667 5557 orationes
2730 5516 2861 5557 snas
2920 5500 2973 5554 in
3034 5500 3371 5572 quaestiones

1795 5596 2149 5663 compellant.
2192 5594 2247 5650 Id
2297 5597 2442 5650 enim
2497 5596 2723 5652 minime
2780 5604 3210 5651 consentaneum
3261 5603 3367 5649 est.

1800 5687 2285 5743 \‘erumeuimvero
2346 5690 2411 5743 ad
2460 5690 2796 5745 curriculum
2838 5703 2959 5745 sese
3008 5686 3212 5743 referat
3246 5700 3367 5743 ora-

1771 5876 1791 5905 τ
1829 5867 2000 5924 Exod.
2037 5885 2123 5935 xv,
2156 5868 2212 5924 2.
