4202 6448
157 428 251 491 869

1153 423 1230 480 IN
1271 416 1779 481 ΝΑΤΙΥΙΤᾹΤΕΜ
1814 416 1874 471 Β.
1918 410 2200 470 MARLE.
2250 410 2340 467 ιν.

3254 408 3357 471 870

151 543 296 604 γόνα,
326 538 415 590 καὶ
438 538 538 589 ὅσα
569 530 771 603 ταύτην
802 532 852 584 οί
881 532 1081 584 κλεινοὶ
1115 532 1208 583 τοῦ
1234 532 1546 599 Ιινεύματσς
1578 544 1696 579 υπο-

1767 573 1770 580 _
1803 529 2038 584 hortum,
2069 524 2269 582 locum,
2310 536 2525 583 arvum,
2562 522 2808 582 fontem;
2859 534 3072 587 agna'u,
3132 529 3359 583 guttam,

152 629 327 694 φήται,
363 625 501 677 κατά
526 626 623 692 τὴν
655 626 712 674 ὲν
758 622 1047 690 συμϐόλοις
1101 623 1364 690 μυστικὴν
1415 618 1705 671 ἐποπτείαν

152 712 553 783 προελεπτικῶς
575 709 932 779 ὀνομάζουσιν
958 726 970 738 ⁸
995 706 1128 775 οἷον,
1157 712 1315 777 βάτον
1341 710 1460 779 μὲν,
1485 709 1558 769 ὡς
1579 710 1705 758 ὅταν

149 808 277 876 λέγῃ
311 804 576 870 Μωῦσῆςο
619 820 637 851 ι
669 800 871 860 Διαὸὰς
904 800 1103 869 ὄψομαι
1133 802 1193 853 τὸ
1232 803 1414 869 ὅραμα
1462 800 1521 850 τὸ
1567 797 1702 866 μέγα

149 894 325 946 τοῦτο’
352 893 403 943 τί
427 893 508 943 ὅτι
544 890 816 957 καίεταιή
849 890 1027 956 βάτος,
1054 892 1146 943 καὶ
1171 892 1229 941 οὑ
1270 889 1653 949 κατακαίεται;
1682 905 1700 936 ι

159 983 373 1035 Ῥἀῦδον
400 982 477 1041 δὲ,
522 982 596 1041 ὼς
629 982 756 1033 ὅταν
799 981 1023 1041 Ἡσαΐας
1054 981 1242 1048 φησίν·
1285 999 1301 1030 ι
1340 978 1705 1044 Ἐξελεύσεται

152 1072 337 1140 ῥάϐδος
361 1072 424 1122 ὲκ
460 1069 555 1139 τῆς
591 1068 746 1138 ῥίζης
778 1070 996 1129 Ἰεσσαὶ,
1034 1071 1126 1121 καὶ
1154 1068 1315 1129 ἄνθος
1336 1069 1398 1120 ὲκ
1426 1068 1523 1135 τῆς
1552 1065 1707 1135 ῥίζης

149 1160 496 1229 ἀναϐήσεται.
533 1178 550 1209 ι
593 1159 748 1221 Ῥίζα
798 1159 1076 1211 καλεῖται’
1107 1179 1124 1210 ι
1172 1160 1275 1210 Καὶ
1304 1158 1453 1210 ἔσται
1498 1158 1529 1225 ἡ
1585 1153 1709 1224 ῥίζα

145 1253 237 1304 τοῦ
285 1249 501 1312 Ἰεσσαὶ,
553 1251 646 1301 καὶ
681 1251 709 1302 6
756 1250 1116 1317 ἀνιστάμενος
1164 1249 1347 1317 ἄρχειν
1401 1246 1588 1309 ἐθνῶν,
1621 1244 1709 1297 ἐπ’

146 1341 308 1394 αὐτὸν
345 1343 365 1371 ⁹
392 1340 516 1407 ἔθνη
551 1339 816 1391 ὲλπιοῦσι.
858 1357 876 1389 ι
908 1339 983 1406 Γῆ
1034 1338 1189 1405 ἀγία’
1229 1356 1246 1388 ι
1285 1336 1479 1403 Μωσῆ,
1514 1334 1705 1401 Monii,

145 1432 306 1483 λύσον
331 1431 391 1482 τὸ
418 1430 671 1499 ὑπόδημα
697 1432 760 1482 ὲκ
790 1430 899 1481 τῶν
933 1429 1107 1482 ποδῶν
1138 1445 1229 1479 σου
1250 1446 1262 1458 ·
1292 1431 1324 1496 ἡ
1354 1430 1459 1495 γὰρ
1495 1426 1588 1493 γῆ.
1625 1424 1707 1490 ἐφ’

142 1520 213 1590 ἧς
247 1523 311 1573 σὺ
341 1521 600 1589 ἕστηκας,
626 1520 695 1588 γῆ
719 1520 847 1585 ἁγία
870 1520 1006 1571 ἐστί.
1036 1539 1051 1570 ι
1072 1519 1150 1587 Γῆ
1175 1517 1482 1585 ὲπιϐυμητή
1508 1532 1520 1544 ·
1560 1533 1577 1563 ι
1603 1515 1710 1566 Kal.

140 1611 503 1674 ὲξουδένωσαν
560 1610 660 1677 γῆν
723 1608 1086 1678 ἐπιθυμητήν.
1130 1626 1147 1657 ι
1212 1607 1285 1675 Γῆ
1347 1604 1708 1657 ἀνατέλλουσα

143 1699 490 1772 [ἀλήθειαν]·
521 1720 537 1750 ι
579 1700 835 1768 Ἀλήθεια
862 1703 924 1751 ὲκ
962 1701 1059 1766 τῆς
1090 1701 1190 1769 γῆς
1225 1698 1483 1750 ἀνέτειλε.
1533 1717 1549 1742 ι
1584 1696 1709 1747 Gat-

145 1790 292 1858 μάν·
337 1809 355 1840 ι
395 1790 423 1840 6
449 1789 577 1851 Θεὸς
612 1789 718 1840 ἀπὸ
756 1788 967 1856 Θαιμάν
998 1788 1136 1856 ἥξει.
1172 1804 1189 1836 ι
1244 1778 1403 1855 Ὅρος
1428 1803 1441 1815 ο
1493 1804 1511 1835 ι
1546 1786 1651 1837 Kal
1680 1784 1706 1835 6

1767 664 1775 668 _
1810 626 1869 661 ac
1909 614 1951 662 si
1983 626 2089 676 qua
2144 609 2246 659 alia
2280 609 2463 677 inclyti
2521 609 2761 676 Spiritus
2801 609 2979 660 sancti
3012 607 3359 673 interpretes,

1806 714 1905 766 pro
1929 702 2168 767 mystica:
2206 702 2255 751 in
2287 701 2552 767 symbolis
2578 701 2939 767 inspectiunis
2967 698 3203 754 ratione,
3242 712 3360 747 eum

1807 791 2120 857 prophetice
2157 793 2445 841 nominaut
2478 806 2488 839 :
2516 788 2670 852 Puta,
2698 792 2916 850 rubum,
2958 797 3016 839 ιιι
3047 804 3171 839 cum
3211 788 3359 854 Moy-

1808 896 1897 934 ses
1921 884 2027 931 ait:
2054 899 2070 929 ι
2100 879 2396 940 Vadam,ct
2418 880 2615 932 videbo
2634 882 2897 933 visionem
2928 880 3064 930 hanc
3087 894 3361 944 magnam;

1810 972 2164 1038 quamobrem
2226 971 2416 1022 ardeat
2460 974 2651 1031 rubus,
2696 988 2793 1023 ure
2847 976 3196 1023 continu-suun
3239 970 3357 1019 1’?!

1810 1058 2032 1127 Virgam
2063 1070 2263 1119 autem,
2293 1070 2350 1113 ιιι
2380 1077 2503 1115 cum
2546 1062 2713 1114 Isaias
2763 1063 2895 1113 dicit
2938 1078 2947 1111 ;
2990 1079 3008 1110 ι
3044 1060 3365 1127 ligredirtur

1806 1151 1958 1218 virga
1987 1152 2051 1202 de
2084 1150 2265 1203 radice
2291 1149 2465 1213 Jesse,
2496 1162 2548 1203 et
2570 1150 2668 1203 flos
2695 1152 2760 1203 de
2791 1152 2971 1202 radice
2996 1151 3252 1202 ascendet
3275 1158 3319 1197 ο.
3339 1164 3356 1196 ι

1809 1240 2127 1308 Appellatur
2158 1238 2307 1292 radix
2343 1256 2355 1289 :
2400 1259 2416 1289 ι
2450 1240 2511 1292 Et
2540 1242 2645 1294 erit
2678 1242 2826 1293 radix
2861 1239 3036 1301 Jesse,
3074 1247 3126 1289 et
3156 1238 3246 1305 qui
3273 1253 3366 1288 ex-

1810 1338 1997 1397 surget
2032 1345 2218 1398 regere
2251 1338 2465 1398 gentes,
2488 1332 2541 1383 in
2568 1348 2690 1383 cum
2728 1340 2917 1396 genles
2951 1330 3252 1397 sperabunt
3282 1327 3361 1378 ἀ.»

1811 1418 1975 1472 Terra
2020 1431 2203 1471 sancta
2242 1437 2254 1470 :
2302 1438 2319 1469 ι
2363 1419 2561 1482 Moses,
2621 1419 2817 1481 Moses,
2852 1421 3001 1471 Solve
3031 1419 3370 1468 calceamen-

1809 1518 1923 1562 tum
1956 1510 2022 1562 do
2044 1510 2271 1577 pedibus
2295 1510 2408 1564 tuis
2445 1526 2457 1561 :
2486 1521 2629 1563 terra
2659 1512 2803 1561 enim
2848 1512 2899 1560 in
2927 1525 3030 1575 qua
3061 1518 3193 1569 stas,
3229 1517 3371 1557 terra

1812 1612 1996 1654 Sancta
2024 1610 2107 1652 est
2144 1610 2187 1652 θ.
2217 1618 2233 1649 ι
2258 1600 2424 1654 Terra
2456 1600 2837 1652 desiderabilis
2875 1617 2887 1651 :
2923 1618 2939 1647 ι
2980 1599 3040 1650 lit
3075 1614 3169 1666 pro
3202 1598 3374 1649 nihilo

1814 1693 2124 1745 habuerunt
2158 1700 2358 1744 terram
2410 1691 2839 1745 desiderabilem
2883 1690 2923 1741 ί.
2966 1709 2984 1741 ι
3026 1688 3196 1742 Terra
3238 1689 3374 1739 wri-

1811 1790 1975 1832 tatem
2033 1782 2381 1850 producens:
2419 1800 2436 1831 ι
2485 1781 2703 1834 Veritas
2735 1783 2800 1834 de
2843 1794 2984 1833 terra
3011 1791 3127 1831 ortu
3162 1794 3236 1832 νει
3278 1784 3319 1847 εἴ.
3352 1800 3367 1827 ι

74 1924 80 1927 .
140 1878 306 1944 ἆγιος
343 1876 403 1940 ὲξ
430 1878 606 1946 ’ὅρους
650 1868 969 1939 κατασκίου,
1024 1877 1235 1936 δασέος.
1284 1874 1523 1943 Ἐτμήθη
1564 1875 1707 1935 λίθος

1767 1870 1780 1917 ί
1812 1873 2084 1925 Thurinum
2122 1891 2134 1925 :
2178 1892 2194 1921 ι
2224 1872 2362 1926 Deus
2416 1888 2445 1924 a
2493 1873 2765 1926 Tliaamam
2822 1873 2999 1923 veniet
3038 1874 3084 1920 ιι.
3123 1892 3140 1922 ι
3181 1870 3371 1924 Mons:

139 1968 205 2031 eg
252 1968 413 2036 ὅρους
450 1968 577 2020 ἄνευ
628 1967 845 2037 χειρῶν.
901 1968 1061 2037 Ὄρος
1108 1966 1135 2017 ὃ
1181 1966 1478 2036 ηὐδόκησεν
1518 1965 1545 2015 ὀ
1578 1965 1707 2026 Θεὸς

134 2061 422 2110 κατοικεῖν
476 2059 531 2108 ἐν
584 2055 753 2125 αὐτῷ.
808 2075 825 2106 ι
891 2056 1113 2108 Ἐλαίαο
1158 2074 1175 2105 ι
1230 2054 1370 2118 Ἐγὼ
1428 2054 1523 2115 δὲ,
1580 2054 1710 2105 ὡσεὶ

133 2147 301 2200 ἐλαία
335 2148 688 2216 κατάκαρπος
718 2147 775 2198 ὲν
814 2135 887 2216 τῷ
909 2147 1040 2215 οίκῳ
1074 2146 1165 2198 τοῦ
1188 2147 1341 2199 Θεοῦ.
1370 2166 1387 2197 ι
1428 2147 1670 2208 Κιόωτός
1695 2162 1706 2175 °

137 2258 155 2289 ι
220 2238 559 2308 Ἀνάστηθι,
599 2238 798 2308 Κύριε,
858 2239 936 2300 είς
975 2237 1071 2303 τὴν
1121 2238 1425 2290 ἀνάπαυσίν
1462 2256 1553 2290 σου
1579 2255 1591 2267 '
1625 2239 1709 2303 σὺ,

129 2330 238 2384 καὶ⁸
258 2332 292 2395 ἠ
327 2330 557 2393 κιϐωτὸς
584 2330 677 2383 τοῦ
708 2330 1047 2399 ἀγιάσματός
1082 2347 1192 2383 σου.
1223 2351 1241 2381 ι
1268 2330 1497 2401 Θρόνοςο
1523 2350 1538 2381 ι
1565 2326 1713 2383 Εἶδον

124 2425 232 2475 τὸν
257 2424 466 2492 Κύριον
496 2420 806 2490 καθήμενον
846 2422 938 2472 ἐπὶ
968 2420 1156 2489 Θρόνου
1183 2422 1383 2489 ὑψηλοῦ
1424 2422 1516 2474 καὶ
1538 2424 1709 2491 ἐπηρ-

130 2511 308 2577 μένου
342 2550 356 2573 ,
410 2509 503 2562 καὶ
553 2505 765 2579 πλήρης
823 2513 850 2562 6
897 2504 1043 2571 οἶκος
1092 2512 1188 2579 τῆς
1243 2511 1396 2580 δόξης
1454 2512 1632 2565 αὑτοῦ.
1691 2532 1708 2563 ι

126 2599 295 2669 Πύλη
322 2616 335 2628 ·
373 2620 390 2650 ι
425 2601 533 2652 Kal.
586 2597 702 2652 εἷπε
750 2601 951 2670 Κύριος
982 2602 1116 2670 πρός
1149 2618 1213 2670 με
1236 2617 1249 2631 ⁸
1287 2601 1349 2653 Ἡ
1397 2603 1537 2671 πύλη
1579 2604 1714 2672 αὓτη

127 2692 513 2760 κεκλεισμένη
548 2692 723 2757 ἔσται,
754 2694 851 2745 οὐκ
886 2694 1295 2764 ἀνοιχθήσεται·
1331 2696 1422 2747 καὶ
1450 2697 1622 2757 οὐδεὶς
1656 2698 1715 2747 οὐ

129 2784 218 2853 μὴ
251 2783 444 2853 διέλθῃ
476 2784 540 2836 δι’
589 2786 776 2853 αὐτῆς,
809 2786 888 2837 ὅτι
921 2787 1121 2854 Κύριος
1163 2788 1190 2838 6
1220 2787 1350 2850 Θεὸς
1371 2788 1463 2841 τοῦ
1506 2788 1719 2859 Ἰσραὴλ

124 2873 521 2927 εἰσελεύσεται
550 2876 643 2926 καὶ
669 2875 1005 2940 ἐξελεύσεται
1035 2876 1102 2928 δι’
1148 2878 1349 2946 αύτῆςο
1382 2881 1472 2931 καὶ
1502 2879 1654 2933 ἔσται
1686 2882 1719 2949 ἡ

124 2962 292 3031 πύλη
324 2964 704 3034 κεκλεισμένη.
737 2985 755 3017 ι
804 2965 972 3019 Σιών·
1018 2986 1036 3018 ι
1075 2967 1232 3033 ’Ἥξει
1277 2973 1338 3022 ἐκ
1366 2972 1504 3024 Σιὼν
1533 2974 1559 3024 6
1595 2973 1719 3041 ῥυό-

125 3071 313 3123 μενος
338 3073 351 3085 ι
382 3056 714 3125 ἀποστρέψει
741 3058 992 3121 ἀσεϐείας
1020 3061 1126 3114 ἀπὸ
1160 3060 1369 3115 ’1ακώ6.
1415 3063 1723 3129 Ἐξελέξατο

1817 1979 1834 2010 ι
1876 1962 1936 2013 lit
1990 1960 2225 2015 Sanctus
2274 1962 2340 2015 de
2386 1973 2568 2014 monte
2616 1964 2909 2021 umbroso,
2961 1976 3024 2013 ac
3072 1963 3374 2013 catuli-nso.

1810 2051 2105 2106 Abscissus
2151 2064 2236 2105 est
2291 2052 2430 2120 lapis
2478 2052 2545 2105 de
2610 2061 2792 2105 monte
2843 2053 2961 2102 sine
3017 2052 3275 2104 manibus
3333 2054 3375 2105 ί.

1813 2144 1966 2197 Mons
2020 2147 2073 2196 in
2138 2159 2245 2211 quo
2294 2144 2699 2213 beneplaeitum
2753 2153 2836 2196 est
2873 2142 2979 2196 Deo
3025 2145 3268 2195 habitare
3325 2145 3377 2195 in

1812 2252 1877 2289 eo
1911 2234 1956 2287 ἱ.
1998 2256 2015 2286 ι
2054 2235 2210 2289 Oliva
2247 2254 2259 2289 :
2306 2254 2322 2286 ι
2356 2235 2468 2305 Ego
2517 2248 2696 2289 autem
2754 2237 2914 2298 quasi
2982 2237 3123 2288 oliva
3185 2236 3381 2288 fructi-

1814 2329 1925 2380 fera
1968 2328 2020 2379 in
2058 2327 2221 2379 domo
2257 2325 2347 2379 Dei
2384 2327 2433 2379 ι.
2474 2347 2491 2378 ι
2527 2327 2668 2380 Area
2704 2347 2716 2379 :
2756 2346 2772 2376 ι
2813 2326 3009 2396 Surge,
3049 2326 3296 2388 Domine,
3330 2330 3381 2381 in

1817 2421 2057 2487 requiem
2089 2428 2236 2470 lttunt
2260 2459 2275 2481 ,
2306 2428 2361 2469 tu
2394 2429 2446 2471 et
2483 2434 2609 2473 arca
2646 2419 3110 2473 sanctificationis
3146 2432 3248 2473 tua:
3280 2418 3319 2473 ι.
3362 2439 3378 2470 ι

1817 2510 2076 2565 Thronus
2106 2530 2119 2563 :
2166 2530 2181 2561 ι
2229 2509 2346 2563 Vidi
2381 2510 2674 2564 Dominum
2710 2512 2990 2565 sedentem
3024 2528 3189 2579 super
3235 2515 3386 2565 thro-

1818 2619 1947 2655 num
1980 2603 2256 2655 excelsum
2292 2613 2344 2656 et
2366 2604 2640 2655 elevatum
2665 2620 2678 2665 ;
2705 2613 2758 2655 et
2784 2604 2937 2670 plena
2974 2604 3151 2655 omnis
3189 2602 3387 2657 domus

1819 2696 1991 2764 gloria
2015 2694 2132 2762 ejus
2161 2702 2217 2745 ¹¹“.
2254 2712 2271 2743 ι
2313 2693 2476 2746 Porta
2509 2711 2519 2743 :
2558 2711 2575 2742 ι
2622 2692 2682 2744 Et
2707 2694 2848 2745 dixit
2881 2693 3143 2747 Dominus
3171 2694 3236 2745 ad
3267 2710 3383 2747 me:

1820 2784 1981 2839 Porta
2026 2786 2135 2837 haec
2175 2784 2365 2838 clausa
2408 2784 2548 2845 erit;
2582 2799 2690 2835 non
2733 2786 3033 2852 aperietur,
3069 2792 3121 2837 et
3156 2783 3238 2836 vir
3282 2798 3388 2836 non

1820 2876 2083 2931 transibit
2120 2890 2213 2945 per
2234 2890 2391 2937 eam;
2436 2876 2701 2941 quoniam
2750 2875 3012 2929 Dominus
3050 2875 3190 2929 Deus
3225 2875 3392 2929 Israel

1822 2970 2162 3039 ingredietur
2194 2978 2248 3021 et
2286 2967 2599 3038 egredietur
2631 2983 2725 3035 per
2760 2982 2879 3021 eam
2912 2984 2923 3018 :
2965 2968 3030 3020 Et
3070 2969 3175 3020 erit
3203 2970 3392 3023 clausa

1823 3074 1980 3134 porta
2012 3075 2058 3116 ιι.
2101 3085 2119 3117 ι
2166 3065 2342 3118 Sion:
2384 3082 2401 3115 ι
2446 3062 2643 3118 Veniet
2682 3079 2745 3117 ex
2790 3064 2921 3117 Sion
2966 3066 3058 3133 qui
3097 3066 3311 3125 liberet,
3341 3074 3396 3119 ct

120 3144 360 3215 Κύριος
411 3144 509 3215 τὴν
566 3146 736 3197 Σιών·
774 3149 1062 3217 ᾑρετίσατο
1104 3151 1273 3221 αὐτὴν
1325 3154 1403 3215 είς
1444 3156 1714 3208 κατοικίαι

1776 3202 1792 3216 ,
1826 3166 2036 3209 avertat
2095 3157 2406 3224 impietates
2454 3169 2484 3207 a
2530 3153 2737 3208 Jacobo
2800 3162 2845 3208 ο.
2906 3154 3083 3225 Elegit
3135 3157 3396 3209 Dominus

118 3236 351 3305 ἑαυτῷ.
388 3254 407 3289 ι
436 3238 633 3307 Μήτηρ
661 3240 939 3291 καλεῖται·
970 3259 987 3290 ι
1021 3242 1217 3312 Μήτηρ
1248 3244 1384 3295 Σιὼν
1413 3248 1527 3316 ἐρεῖ
1548 3262 1562 3276 ·
1596 3248 1714 3299 "Av-

1776 3240 1793 3258 ⁸
1828 3247 1996 3310 Sion;
2032 3248 2192 3315 elegit
2220 3263 2338 3300 eam
2370 3248 2424 3299 in
2464 3247 2852 3299 habitationem
2889 3248 2990 3300 sibi
3030 3258 3081 3301 P.
3127 3266 3144 3297 ι
3190 3247 3393 3301 Mater:

122 3331 373 3398 Ορωπος
418 3329 514 3381 καὶ
565 3329 849 3397 ἄνθρωπος
884 3333 1113 3402 ἐγενήθη
1167 3336 1226 3385 ἐν
1256 3337 1411 3406 αὐτῇ,
1446 3338 1534 3390 καὶ
1565 3340 1714 3402 αὐτὸς

1829 3355 1847 3387 ι
1890 3336 2062 3389 Mater
2115 3336 2246 3389 Sion
2294 3335 2484 3390 dicet:
2537 3334 2732 3398 Homo,
2780 3342 2834 3389 et
2881 3337 3041 3388 homo
3108 3348 3271 3391 natus
3313 3344 3401 3391 est

115 3416 516 3484 ἑθεμελίωσεν
562 3419 733 3487 αὐτὴν
766 3420 794 3470 6
824 3421 1107 3489 ’1⁸ψιστος.
1150 3443 1167 3474 ι
1207 3426 1334 3478 Kal:
1375 3447 1391 3477 ι
1433 3430 1598 3481 Πόθεν
1632 3449 1714 3498 μοι

1826 3428 1877 3479 in
1911 3442 1995 3487 ea,
2044 3438 2094 3479 et
2149 3428 2267 3492 ipse
2312 3425 2560 3478 fundavit
2601 3440 2723 3479 eam
2778 3426 3103 3480 Altissimus
3140 3437 3189 3479 ιι.
3229 3446 3246 3478 ι
3289 3426 3397 3481 Et:

113 3506 335 3570 τοῦτο,
369 3508 455 3560 ἵνα
488 3508 670 3578 ἔλθῃ-ἡ
704 3511 901 3580 Μήτηρ
923 3512 1014 3564 τοῦ
1046 3514 1246 3583 Κυρίου
1278 3534 1377 3585 μου
1411 3520 1545 3587 πρός
1572 3538 1636 3588 με
1662 3538 1675 3582 ;
1701 3540 1714 3571 ι

1832 3536 1849 3568 ι
1893 3516 2047 3572 Unde
2079 3518 2185 3570 hoc
2214 3519 2370 3580 mihi,
2410 3527 2468 3568 ut
2501 3517 2681 3569 veniat
2725 3514 2892 3570 Mater
2925 3516 3141 3571 Domini
3179 3519 3284 3571 mei
3331 3520 3398 3571 ad

109 3601 375 3669 Φορεῖον
399 3615 411 3627 °
451 3617 469 3648 ι
498 3601 717 3669 Φορεῖον
738 3600 991 3669 ἐποίησεν
1020 3606 1196 3674 ἑαυτῷ
1228 3610 1255 3659 ὁ
1287 3608 1534 3675 βασιλεὺς
1567 3611 1714 3662 Σαλα

1826 3622 1912 3660 me
1947 3606 2006 3659 τί
2046 3625 2065 3657 ι
2128 3605 2417 3659 Ferculum
2470 3623 2484 3659 :
2531 3624 2550 3655 ι
2588 3601 2757 3658 Ῥυοὶι
2817 3606 2923 3660 sibi
2982 3622 3075 3659 rex
3137 3605 3399 3660 Salomon

114 3691 266 3760 μὼν
293 3691 407 3742 ἀπὸ
432 3688 601 3753 ξύλων
622 3690 716 3742 τοῦ
744 3692 996 3745 Λιϐάνου.
1031 3712 1049 3744 ι
1076 3694 1243 3764 Κλίνη
1261 3713 1274 3726 ο
1312 3715 1329 3747 ι
1372 3698 1499 3751 Ἰδοὺ
1523 3703 1552 3767 ἡ
1573 3700 1714 3753 κλίντ

1828 3699 2096 3752 ferculum
2123 3696 2190 3752 de
2214 3698 2380 3767 lignis
2407 3697 2598 3750 Libani
2627 3706 2672 3749 ⁸.
2720 3716 2737 3748 ι
2776 3698 3058 3750 Lectulum
3097 3715 3108 3749 τ
3146 3716 3163 3748 ι
3200 3697 3401 3752 Loclus

110 3783 228 3836 τοῦ
276 3782 668 3850 Σολομῶντος·
729 3782 991 3852 ἐξήκοντα
1045 3786 1260 3839 δυνατοὶ
1319 3788 1500 3858 κύκλῳ
1557 3792 1714 3859 αὐτῆς

1830 3788 2140 3841 Salomonis
2180 3787 2465 3855 sexaginta
2498 3786 2667 3839 fortes
2691 3788 2940 3839 ambiunt
2962 3804 3026 3840 ex
3057 3786 3295 3842 fortibus
3326 3787 3403 3842 ls-

110 3872 248 3927 ἀπὸ
286 3872 533 3924 δυνατῶν
592 3872 827 3941 Ἰσραήλ.
873 3892 891 3923 ι
930 3876 1201 3941 Κεφαλίς·
1236 3896 1252 3927 ι
1300 3879 1406 3931 Καὶ
1456 3880 1594 3939 ίδον,
1636 3883 1714 3933 καὶ

1830 3881 1938 3932 rael
1975 3881 2017 3932 ί.
2073 3897 2091 3929 ι
2128 3878 2482 3948 Capitulum:
2517 3896 2534 3928 ι
2573 3877 2638 3929 Et
2669 3880 2799 3941 vidi,
2832 3890 2883 3932 et
2915 3894 3045 3933 ecce
3075 3894 3272 3933 manus
3305 3896 3402 3935 ex-

112 3962 255 4017 ίδοὺ
308 3965 435 4032 χεὶρ
468 3965 804 4033 ἐκτεταμένη
840 3968 972 4033 πρός
1010 3985 1095 4035 με,
1129 3970 1221 4021 καὶ
1250 3972 1307 4020 ὲν
1340 3971 1474 4040 αὐτῇ
1508 3973 1714 4037 κεφαλὶς

1830 3980 1975 4023 tenta
2006 3969 2072 4021 ad
2107 3983 2214 4032 me,
2247 3976 2300 4020 et
2331 3970 2385 4021 in
2416 3983 2477 4021 ea
2522 3969 2821 4037 capitulum
2868 3970 3029 4035 libri;
3062 3981 3112 4025 et
3145 3973 3404 4039 expandit

110 4054 385 4123 βιϐλίου,
419 4057 512 4105 καὶ
569 4054 851 4124 ἀνεῐλητεν
910 4058 1076 4127 αὐτὴν
1108 4058 1336 4111 ἐνώπιον
1378 4061 1532 4128 ἐμοῦ,
1556 4064 1648 4114 καὶ
1675 4067 1714 4114 ἐι

1832 4062 1963 4114 illud
2013 4075 2195 4113 coram
2231 4074 2337 4123 mc,
2373 4067 2427 4113 et
2472 4072 2628 4113 erant
2672 4063 2872 4128 scripta
2923 4063 2976 4113 in
3024 4076 3089 4115 eo
3125 4065 3401 4117 anteriora

105 4148 283 4217 αὐτῇ
323 4146 687 4214 γεγραμμένα
718 4148 785 4197 τὰ
810 4146 1117 4217 ἔμπροσθεν
1140 4151 1232 4201 καὶ
1261 4152 1329 4203 τὰ
1353 4150 1573 4203 ὄπισθεν
1597 4170 1609 4182 ’
1641 4154 1714 4205 κα¹

1830 4162 1882 4205 et
1917 4152 2247 4219 posteriora;
2275 4151 2347 4218 {et
2393 4150 2533 4204 dixit
2568 4152 2647 4204 'ad
2682 4166 2804 4204 me:
2852 4149 2951 4205 Fili
2990 4152 3253 4213 hominis,
3305 4169 3401 4206 co-

106 4233 261 4290 εῐπε
303 4237 448 4305 πρός
482 4253 547 4304 με
571 4253 583 4266 ⁸
624 4238 718 4288 Υἱὲ
758 4238 1065 4307 ἀνθρώπου,
1103 4240 1386 4309 κατάφαγε
1430 4242 1529 4313 τὴν
1574 4261 1712 4311 κεφα

1833 4242 1988 4296 mede
2018 4242 2318 4308 capitulum
2351 4242 2501 4296 istud
2530 4244 2578 4295 ‘.
2613 4261 2629 4291 ι
2660 4240 2863 4296 Liber:
2907 4262 2925 4293 ι
2965 4243 3026 4295 Ει
3054 4254 3219 4297 erunt
3247 4245 3405 4300 vobis

107 4328 261 4381 λίδα
299 4326 530 4395 ταύτην.
568 4344 585 4377 ι
620 4326 831 4379 Βιϐλίον
859 4344 871 4356 ⁸
908 4346 925 4377 ι
960 4330 1066 4380 Καὶ
1088 4327 1239 4381 ἔσται
1268 4333 1395 4399 ὑμῖν
1420 4334 1485 4383 τὰ
1518 4334 1714 4403 ῥήματί

1836 4334 1997 4385 verba
2038 4335 2171 4393 ha-c,
2205 4336 2280 4385 ait
2317 4332 2480 4393 Deus,
2529 4344 2588 4386 ut
2615 4335 2777 4387 verba
2818 4335 2937 4387 libri
2972 4336 3209 4402 signati;
3242 4351 3404 4403 quem

105 4419 356 4477 ταῦτα,
397 4416 545 4484 λέγει
597 4418 625 4469 6
656 4417 809 4481 Θεὸς,
846 4419 919 4480 ὼς
972 4423 1016 4471 οἱ
1072 4419 1217 4487 λόγοι
1246 4421 1338 4473 τοῦ
1391 4422 1593 4490 βιϐλίου
1641 4425 1714 4476 τοί

1838 4426 1880 4478 si
1918 4425 2168 4476 dederint
2196 4425 2371 4491 ipsum
2398 4425 2607 4476 homini
2640 4425 2834 4478 scienti
2867 4425 3099 4489 litteras,
3122 4427 3403 4481 dicentes:

106 4508 628 4579 ἐσφραγισμένου,
658 4508 685 4560 ὃ
717 4509 811 4560 ἐὰν
832 4508 1091 4562 δώσουσιν
1124 4511 1254 4563 αὐτὸ
1304 4512 1573 4583 ἀνθρώπῳ
1616 4515 1714 4566 ἑπι-

1772 4525 1810 4576 D
1845 4513 1980 4581 Lege
2010 4513 2151 4572 lucc;
2178 4520 2231 4566 et
2261 4513 2429 4576 dicet,
2471 4511 2587 4565 Non
2628 4528 2850 4581 possum
2901 4514 3077 4583 legere
3109 4536 3120 4570 :
3152 4515 3406 4584 signatus

110 4599 419 4668 (πταμένῳ
450 4600 771 4667 γράμματα,
808 4599 1055 4663 λέγοντες
1082 4598 1248 4668 αὐτῷ,
1287 4600 1582 4666 ’Λνὰγνωθι
1604 4600 1706 4651 ταῦ

1835 4611 1921 4655 est
1952 4603 2095 4654 enim
2133 4610 2174 4655 '.
2226 4621 2244 4652 ι
2280 4602 2483 4656 Tumus
2515 4619 2528 4654 :
2571 4621 2587 4653 ι
2634 4602 2693 4656 Et
2728 4604 2868 4655 dixit
2902 4604 3163 4657 Dominus
3187 4607 3250 4657 ad
3287 4620 3405 4659 mc:

97 4710 189 4747 τα.
215 4710 233 4721 ν
280 4689 395 4742 καὶ
434 4691 568 4757 ὲρεῖ,
598 4690 672 4742 Οὐ
718 4690 953 4759 δύναμαι
1012 4690 1343 4756 ἀναγνῶναισ
1377 4693 1714 4759 ἐσφραγιστα

1838 4692 2002 4746 Smne
2046 4695 2142 4747 tibi
2177 4694 2431 4747 volumen
2488 4697 2611 4747 novi
2665 4696 2869 4763 magni,
2911 4703 2964 4748 et
3019 4697 3200 4749 St‘l'lbe
3250 4697 3303 4748 in
3341 4712 3408 4749 eo

96 4786 265 4853 γάρ.
314 4800 339 4831 ι
382 4781 593 4849 Τόμος·
634 4799 650 4831 ι
706 4782 812 4833 Καὶ
844 4778 962 4833 εἷπε
1018 4783 1218 4851 Κύριος
1267 4784 1400 4851 πρός
1454 4801 1549 4853 με’
1595 4786 1710 4836 Λάὸ

1837 4786 2079 4840 hominis
2128 4786 2293 4857 stylo,
2331 4794 2388 4839 ut
2433 4786 2689 4839 velociter
2725 4786 3188 4853 dv-prmilationem
3240 4786 3407 4839 faciat

99 4871 378 4940 σεαυτῷ
406 4872 572 4939 τόμον
600 4873 788 4926 καινοῦ
821 4872 1079 4941 μεγάλου,
1112 4873 1205 4925 καὶ
1234 4874 1447 4943 γράψον
1479 4876 1555 4937 είς
1578 4878 1709 4928 αὐτὸ

1837 4875 2138 4943 spoliorum
2164 4876 2372 4944 :‘prope
2393 4884 2471 4927 est
2498 4875 2648 4925 enim
2679 4887 2722 4925 ι.
2741 4893 2757 4921 ι
2784 4871 3022 4941 ιῖόι·ςονδ
3046 4891 3058 4925 :
3081 4891 3096 4922 ι
3122 4871 3183 4924 Et
3202 4874 3408 4926 missus

96 4962 389 5035 γραφίδι
416 4961 731 5030 ἀνθρώπου,
755 4962 849 5014 τοῦ
876 4961 1040 5026 ὀξέως
1059 4962 1339 5033 προνομὴν
1362 4967 1583 5033 ποιῆσαι
1610 4966 1708 5018 σκύ

1837 4976 1918 5021 est
1961 4966 2026 5019 ad
2058 4979 2146 5019 me
2176 4980 2321 5019 unus
2351 4963 2416 5019 de
2448 4966 2760 5033 Serapliim,
2807 4977 2857 5019 et
2890 4967 2943 5017 iu
2976 4982 3138 5017 manu
3174 4964 3410 5017 habebat

93 5061 234 5111 λων
261 5073 279 5086 ·
332 5054 577 5122 παρέστι
628 5054 757 5123 γάρ.
797 5071 815 5103 ι
848 5052 1037 5115 Δασίς.
1068 5072 1085 5104 ι
1118 5054 1225 5106 Καὶ
1274 5054 1552 5125 ἀπεστάλη
1602 5056 1714 5125 πρό.

1841 5058 2163 5121 carbonem,
2193 5073 2355 5128 quem
2397 5058 2603 5126 forcipe
2634 5058 2867 5125 sumpsit
2896 5058 2960 5110 de
2994 5056 3176 5119 altari,
3200 5066 3252 5108 et
3291 5055 3416 5109 teti-

97 5164 181 5218 με
214 5145 294 5198 ἓν
326 5142 453 5195 τῶν
486 5142 758 5212 Σεραφὶμ,
810 5141 906 5194 καὶ
929 5143 987 5195 ὲν
1027 5145 1093 5213 τῇ
1120 5143 1265 5216 χειρὶ
1298 5140 1443 5215 εἶχεν
1472 5144 1713 5215 ἄνθρακα

1844 5150 1923 5221 git
1956 5166 2020 5206 os
2056 5164 2261 5217 meum,
2296 5158 2349 5205 et
2381 5150 2518 5204 dixit
2552 5167 2565 5202 :
2606 5147 2744 5203 Ecce
2774 5149 2947 5217 tetigit
2990 5149 3092 5202 hoc
3130 5148 3268 5201 labia
3298 5156 3411 5211 tua,

191 5318 223 5355 δ
277 5315 483 5369 Exod.
516 5314 678 5371 "1.3.
750 5326 775 5356 ο
809 5316 917 5374 Isa.
976 5334 1051 5383 Il,
1089 5322 1139 5373 l.

1215 5321 1243 5362 δ
1292 5320 1422 5378 ibid.
1457 5340 1532 5388 XI,
1571 5325 1658 5378 10.

1798 5323 1970 5378 Exod.
2024 5339 2106 5389 ιιι,
2140 5320 2193 5376 5.
2277 5320 2296 5360 ί
2327 5318 2495 5389 Ρεειη
2530 5333 2616 5381 ev,
2653 5315 2745 5369 24.
2827 5316 2851 5353 κ
2887 5310 3029 5389 Psal.
3070 5326 3291 5389 u_xxw,
3328 5308 3415 5389 ἐξ.

92 5396 117 5425 ιι
171 5385 422 5436 "aliae.
463 5400 537 5444 ιιι,
573 5385 625 5440 5.

711 5388 726 5427 ί
770 5387 907 5444 Dan.
969 5380 1047 5453 ιι,⁷
1086 5392 1178 5446 45.
1256 5392 1271 5441 ι
1316 5395 1459 5450 Psal.
1497 5380 1662 5456 ιίινιι,

1767 5396 1812 5448 7.
1894 5396 1916 5434 ι
1951 5380 2106 5447 ΡειιΙί
2155 5407 2229 5457 ιι,
2268 5390 2355 5446 10.
2431 5388 2446 5421 ³
2478 5380 2620 5442 Psal.
2675 5400 2895 5457 cxxxt,_
2920 5381 2973 5436 8.
3053 5380 3227 5457 "_lsa.
3259 5396 3331 5441 vr,
3368 5383 3419 5457 ί.

97 5474 122 5493 τι
176 5452 430 5511 Ezech.
466 5470 605 5518 xuv,
635 5455 689 5510 Ξ.
770 5467 795 5494 ο
832 5459 937 5515 lsa.
971 5475 1081 5524 ιιι,
1112 5463 1205 5518 20.
1282 5474 1308 5514 ι’
1343 5463 1487 5523 Psal.
1519 5452 1703 5525 cuit.

1775 5466 1829 5521 '5.
1911 5475 1937 5516 τι
1972 5462 2113 5519 Psal.
2149 5452 2369 5529 uim,
2396 5462 2449 5517 5.
2532 5468 2554 5497 ι’
2592 5457 2724 5513 Luc.
2760 5475 2798 5522 ι,
2831 5454 2922 5519 45,
3004 5460 3026 5488 ⁸
3062 5452 3221 5508 Cant.
3250 5465 3329 5517 ιιι,
3364 5454 3420 5507 9.

96 5550 120 5587 ε
171 5542 353 5601 ibid.
409 5537 464 5592 7.
542 5546 570 5574 ιι
614 5530 905 5597 Εῑριεῑιξιι,
965 5536 1018 5590 9.
1137 5536 1287 5587 'lsa.
1335 5552 1483 5594 xxix,
1537 5540 1620 5585 ιι.
1702 5544 1714 5568 ³

1768 5550 1846 5587 sa.
1891 5550 2007 5597 \‘Ill,
2073 5532 2121 5585 l.

1427 5690 1657 5743 VARI/li
1701 5689 2112 5746 LECTIONES.

188 5804 215 5836 ⁸
259 5797 435 5849 Μαι.
478 5794 532 5844 ἐν
568 5789 743 5855 αὐτῷ.
