4202 6448
166 381 261 447 881

1190 396 1269 455 ΙΝ
1306 398 1994 461 ΑΝΝΗΝΤΙΑΤῙΟΝΕΜ
2036 406 2100 462 Β.
2135 406 2414 463 MARLE.

3304 417 3406 479 882

164 491 571 564 παραχωρήσας
601 493 698 565 τήν
728 495 950 551 εἴσοδον.
1005 499 1313 571 Εὐφραίνου
1343 506 1429 555 ἐπ’
1456 507 1613 575 αὐτῇ,
1646 509 1728 559 oi»-

1830 513 2052 576 coslum,
2083 527 2249 581 super
2274 514 2363 565 illa
2394 522 2477 567 :te
2497 513 2643 567 enim
2668 516 2899 577 imitata,
2927 517 3213 572 Dominum
3241 535 3400 590 quem

161 584 318 651 pavé°
349 586 407 635 σὲ
429 585 538 654 γάρ
589 589 969 658 μιμησαμένη,
1003 591 1094 643 τὸν
1135 594 1195 644 έν
1240 595 1323 645 σοὶ
1353 596 1425 662 μὴ
1451 597 1728 665 χωρούμε-

159 690 247 725 νον
284 675 488 745 Κύριον
511 716 524 738 ,
562 678 1002 750 άστενοχὼρητος
1032 684 1303 752 ὲχωρήσε.
1342 686 1615 755 Χόρευσον
1640 690 1727 741 ἐπ’

157 761 317 830 αὐτῇ,
342 763 441 830 γῆ*
473 765 505 833 ή
534 765 641 834 γὰρ
670 768 839 840 αύτῆς
860 771 1121 839 κυοφορία
1142 772 1239 842 τὴν
1259 772 1355 842 σὴν
1372 773 1729 842 ούρανώσασα

157 850 322 915 θέσιν,
359 853 642 921 οὐρανίους
684 858 810 919 τοὺς
874 860 1154 925 ἐπιγείους
1207 863 1524 931 εἰργάσατο.
1583 866 1727 934 Κρο-

153 943 315 996 τείτω
357 946 451 997 καὶ
482 946 722 999 θάλασσα
775 951 875 1018 τῆς
936 952 1214 1021 Παρθένου
1240 954 1301 1005 τὸ
1354 953 1557 1023 οαῦμα.
1590 956 1724 1023 Χρι-

156 1033 281 1095 στὸς
315 1035 421 1103 γὰρ
452 1036 479 1086 ό
508 1036 665 1089 τόκον
700 1039 790 1090 τὸν
846 1040 1044 1109 ἑαυτῆς
1081 1041 1328 1094 ὑπελθὼν
1359 1045 1497 1111 μετὰ
1540 1043 1726 1113 σώμα-

151 1142 263 1186 τος,
284 1127 383 1197 τὴν
412 1127 521 1179 τῶν
562 1129 771 1183 ὑδάτων
833 1132 1008 1203 ὑγράν
1050 1134 1239 1187 οὐσίαν
1296 1136 1492 1204 ήγίασε
1526 1136 1724 1205 βαπτι-

154 1215 301 1281 σθεὶς
334 1221 391 1271 ὲν
449 1224 563 1285 τοῖς
597 1221 773 1277 ὕδασι.
827 1225 982 1277 Πᾶσα
1013 1226 1193 1278 τοίνυν
1229 1229 1261 1296 ή
1292 1228 1465 1290 κτίσις
1490 1230 1725 1297 χαιρέτω

152 1308 247 1359 καὶ
276 1311 569 1379 χορευέτω,
623 1316 718 1367 καὶ
752 1316 940 1385 χεῖρας
995 1316 1375 1387 ὲπικροτείτω.
1427 1319 1723 1390 Ἐγεννήθη

149 1398 263 1469 γὰρ
287 1401 528 1471 σήμερον
552 1404 682 1472 ἡμῖν
718 1406 920 1470 νεανὶς,
952 1406 1013 1471 ἐξ
1043 1403 1109 1478 ἦς
1144 1411 1176 1479 ή
1224 1410 1487 1480 σωτηρία,
1530 1414 1622 1463 καὶ
1653 1411 1723 1463 δι’

148 1483 217 1558 ἧς
248 1491 281 1558 ἡ
317 1492 657 1561 παγκόσμιος
688 1494 959 1565 λύτρωσις
1004 1500 1237 1569 Χριστὸς
1295 1501 1497 1569 Ἰησοῦς
1535 1504 1563 1554 ό
1590 1502 1723 1565 Θεὸς

149 1583 246 1633 καὶ
272 1582 466 1649 Λόγος,
496 1586 527 1637 ό
558 1584 667 1650 ὢν,
693 1588 791 1640 καὶ
818 1587 886 1653 ὃς
906 1585 1004 1657 ἦν,
1041 1591 1139 1643 καὶ
1190 1594 1223 1645 ό
1250 1592 1590 1659 ἐρχόμενος,
1627 1595 1723 1647 καὶ

150 1671 332 1738 μένων
366 1676 444 1737 είς
472 1676 598 1739 τοὺς
656 1678 859 1742 αἰῶνας
886 1696 897 1710 ·
932 1680 1061 1750 παρ’
1097 1675 1142 1749 ᾧ
1195 1683 1289 1735 καὶ
1320 1682 1413 1735 τὸν
1456 1684 1721 1754 ἡμέτερον

144 1762 221 1823 ὡς
248 1763 313 1815 ἂν
345 1766 407 1817 ὲκ
438 1768 674 1835 μεγάλου
721 1770 815 1822 τοῦ
862 1772 1193 1842 παρθενικοῦ
1245 1774 1402 1840 λόγου
1452 1776 1719 1842 πελάγους

146 1856 476 1925 κατείραντα
497 1859 955 1931 διαναπαύσωμεν
990 1864 1148 1933 λόγον
1170 1882 1181 1896 ·
1225 1866 1364 1934 Θεῷ,
1399 1870 1465 1935 τῇ
1500 1867 1713 1937 Τριάδι,

142 1946 225 2015 τῷ
251 1948 307 1999 ἐν
329 1950 523 2019 Πατρὶ,
543 1952 633 2004 καὶ
648 1954 798 2024 αὐτῷ
818 1955 894 2025 τῷ
914 1956 1046 2026 Υίῷ,
1067 1958 1162 2009 σὺν
1179 1956 1256 2027 τῷ
1275 1959 1413 2026 ἁγίῳ
1442 1959 1717 2028 Πνεύματι

145 2042 633 2112 προσκυνουμένῳ,
693 2046 823 2114 μίαν
856 2048 923 2120 ,ἐν
952 2048 1132 2117 τρισὶν
1172 2050 1515 2117 ἀγιαστείαις
1547 2067 1717 2119 προσ-

141 2129 519 2196 ανατείνοντες
544 2134 703 2199 δόξαν
756 2137 851 2190 καὶ
893 2141 1059 2210 τιμὴν
1097 2142 1189 2194 καὶ
1230 2141 1598 2212 προσκύνησιν
1623 2141 1718 2196 νῦν

142 2222 241 2273 καὶ
266 2223 347 2284 είς
374 2223 500 2287 τοὺς
522 2225 913 2299 άτελευτήτους
945 2230 1189 2295 ἅπαντας
1218 2227 1419 2296 αίῖῦνας
1449 2231 1556 2285 τῶν
1589 2232 1718 2285 alii).

142 2332 271 2369 νων.
322 2317 515 2389 Ἀμήν.

778 2454 992 2508 ΛΟΓΟΣ
1031 2456 1104 2510 Ε’.

141 2562 245 2628 Είς
276 2564 382 2617 τὸν
408 2566 851 2643 εὐαγγελιᾳμρν
892 2568 1003 2643 τῆς
1026 2574 1351 2643 ὑπεραγίας
1379 2574 1715 2643 Δεσποίνης

676 2637 845 2707 ἡμῶν
876 2637 1187 2697 Θεοτόκοὺ.

1832 618 1942 654 non
1979 603 2149 671 rapis,
2187 604 2325 657 nihil
2359 605 2413 657 in
2449 615 2659 659 arctum
2696 622 2899 677 cogens
2952 624 3149 678 capere
3182 613 3399 665 meruit.

1829 691 2001 755 Gesti,
2040 694 2225 758 tellus,
2260 710 2426 764 super
2448 710 2547 760 ea;
2582 696 2701 763 eius
2722 698 2865 749 enim
2891 709 3215 767 conceptus,
3241 704 3408 752 coelo-

1831 792 1969 836 stem
1997 793 2146 835 tuum
2182 785 2360 838 locum
2396 802 2458 837 ac
2495 790 2659 839 silum
2700 789 2955 851 reddens,
2992 805 3087 842 eos
3120 790 3212 856 qui
3242 798 3398 841 erant

1829 875 2029 927 terreni
2058 877 2313 930 cmlcstes
2380 876 2579 930 ell'ecit.
2647 878 2791 931 Mare
2854 882 3013 932 etiam
3074 881 3400 932 mirarulum

1828 963 2070 1032 Virginis
2092 965 2282 1033 plausu
2308 966 2566 1019 celebret:
2600 966 2853 1021 Christus
2880 970 3023 1020 enim
3051 969 3169 1035 ejus
3189 978 3401 1035 partum

1827 1072 2061 1126 corpore
2122 1058 2394 1119 subiens,
2476 1057 2635 1110 udam
2710 1074 2977 1126 aquarqu
3038 1059 3399 1113 substantiam

1826 1148 1984 1215 aquis
2013 1148 2126 1214 ipse
2156 1149 2420 1200 intinctus
2476 1146 2862 1200 sanetilicavil.
2906 1148 3167 1201 Universa
3220 1148 3402 1214 itaque

1826 1246 2074 1290 creatura
2111 1237 2363 1305 gaudeat,
2398 1253 2460 1291 ac
2484 1239 2647 1292 ducat
2676 1240 2893 1301 choros,
2927 1240 3258 1307 plandatqnc
3284 1256 3398 1291 ma-

1826 1328 1984 1381 nibus
2012 1348 2023 1381 :
2059 1329 2259 1397 quippe
2292 1330 2455 1382 hodie
2486 1341 2610 1382 nata
2645 1332 2804 1384 nobis
2832 1339 2918 1385 est
2954 1332 3274 1397 juvencula,
3336 1348 3396 1383 cx

1823 1434 1929 1486 qua
1953 1428 2037 1473 est
2055 1420 2226 1483 salus,
2246 1435 2309 1473 ac
2336 1436 2613 1489 perquam
2646 1422 2833 1474 mundi
2860 1423 3035 1473 totius
3066 1421 3392 1489 redemptio,

1822 1504 2275 1567 Christuslesus,
2304 1508 2445 1561 Deus
2470 1521 2521 1562 et
2551 1508 2814 1571 \‘crhum,
2841 1511 2929 1577 qui
2949 1520 3047 1570 est,
3072 1520 3121 1563 et
3143 1512 3231 1578 qui
3259 1520 3395 1567 erat,

1821 1594 2008 1662 quique
2036 1604 2282 1649 venturus
2304 1606 2379 1649 est
2418 1606 2438 1634 ι’
2461 1635 2475 1659 ,
2506 1605 2559 1651 et
2594 1609 2773 1652 manet
2809 1600 2861 1651 in
2910 1602 3143 1663 saecula;
3180 1603 3231 1652 in
3288 1617 3398 1669 quo

1821 1684 2010 1747 etiam,
2046 1694 2307 1754 tanquam
2337 1702 2367 1740 e
2401 1701 2601 1757 magno.
2628 1688 2913 1756 virginalis
2962 1692 3239 1744 sermonis
3264 1695 3395 1743 ma:i

1822 1776 2107 1844 appulsum
2140 1791 2447 1830 sermonem
2483 1788 2732 1831 nostrum
2778 1779 3075 1835 ﬁniamus:
3122 1781 3251 1841 Deo,
3304 1786 3393 1850 qui

1823 1866 2067 1920 Trinitas
2106 1875 2209 1929 est,
2253 1875 2418 1936 atque
2459 1870 2510 1922 in
2545 1868 2729 1931 Patre,
2785 1872 3014 1940 ipsoque
3071 1873 3229 1937 Filio,
3264 1872 3386 1927 cum

1826 1960 2036 2031 Spiritu
2070 1970 2267 2017 sancto
2302 1962 2597 2026 adorator,
2644 1979 2807 2017 unam
2842 1965 2894 2017 in
2938 1965 3079 2018 trina
3107 1968 3397 2020 sanctitati-

1824 2053 2119 2108 olierentes
2189 2033 2458 2123 gloriam',
2521 2055 2933 2122 honoremque,
2994 2072 3057 2111 ac
3124 2059 3392 2111 adoratic-

1823 2161 1971 2210 nem,
2006 2160 2157 2200 nunc
2189 2152 2245 2200 et
2275 2145 2326 2199 in
2353 2144 2566 2201 inﬁnita
2599 2148 2785 2201 omnia
2816 2150 3016 2203 saecula
3045 2151 3396 2205 sa'culorum.

1822 2240 1990 2293 Amen
2019 2280 2032 2290 .

2381 2459 2643 2519 ORATIO
2679 2464 2717 2517 v
2748 2464 2879 2533 (59).

1826 2572 1891 2627 In
1926 2574 2279 2628 sanctissima:
2314 2573 2556 2641 Deipara:
2597 2574 2835 2713 Do(m)inaz
2859 2583 3055 2629 nostrw
3090 2576 3396 2628 Annuutia-

2448 2647 2640 2698 tionem
2694 2648 2708 2662 ⁸
2746 2685 2757 2697 .

2448 2647 2640 2698 tionem
2672 2647 2757 2698 ('3.

1434 2774 1737 2837 (Interprete
1779 2777 2114 2840 Combeﬁsio.)

230 2848 467 2922 Ἐπέστη
520 2852 759 2924 σήμερον
800 2857 832 2927 ή
875 2856 1094 2912 πάντων
1152 2860 1315 2929 χαρὰ.
1366 2861 1568 2914 λύουσα
1628 2862 1724 2933 τὴν

145 2941 343 3013 πρώην
383 2943 545 3014 ἀράν.
604 2945 838 3019 Ἐπέστη
879 2951 906 3003 ό
957 2952 1269 3021 πανταχοῦ,
1305 2953 1392 3015 ἵνα
1436 2954 1503 3005 τὰ
1547 2956 1725 3008 πάντα

145 3035 417 3109 πληρώσῃ
462 3041 658 3110 χαρᾶς.
720 3041 953 3113 Ἐπέστη
992 3044 1049 3097 δὲ
1089 3045 1240 3111 πῶς;
1275 3048 1348 3097 Οὐ
1393 3046 1724 3117 δορυφόρους

146 3125 328 3195 ἔχων,
370 3128 431 3181 ού
487 3131 745 3199 στρατιὰς
813 3134 1059 3207 ἀγγέλων
1124 3137 1602 3207 συνεπαγόμενος.
1662 3140 1721 3191 οὐ

148 3218 451 3286 κομπάζων
478 3220 578 3291 τὴν
608 3224 851 3294 πρόοδον,
875 3204 997 3279 in?
1022 3229 1195 3298 ἡσυχῆ
1224 3231 1318 3282 καὶ
1348 3204 1545 3302 ἡρέμα·
1567 3232 1726 3284 τοῦτο

150 3311 347 3378 ποιῶν,
385 3313 472 3367 ἵνα
508 3314 647 3389 λάθῃ
672 3318 764 3371 τὸν
805 3321 1040 3391 ἄρχοντα
1079 3322 1176 3375 τοῦ
1215 3326 1475 3387 σκότους,
1516 3325 1603 3377 ἵνα
1638 3325 1725 3377 τέ-

1897 2866 2133 2920 Advenit
2168 2864 2330 2920 hodie
2362 2866 2620 2936 gaudium
2670 2867 3079 2928 universorum,
3135 2868 3400 2937 pristinas

1824 2956 1983 3011 nobis
2014 2954 2163 3009 diras
2188 2955 2424 3011 diluens.
2448 2957 2681 3011 Advenit
2711 2959 2802 3027 qni
2832 2958 3034 3028 ubique
3053 2968 3155 3020 est.
3182 2967 3239 3012 ut
3268 2975 3400 3023 gau-

1825 3048 1913 3101 dio
1969 3047 2153 3101 omnia
2194 3047 2435 3117 impleat.
2491 3048 2609 3114 Qua
2659 3064 2823 3119 porro
2880 3051 3093 3103 ratione
3142 3050 3404 3103 advenit?

1823 3138 1983 3194 Nullo
2014 3148 2165 3196 certe
2195 3142 2454 3196 satellitio
2485 3143 2761 3211 stipatus:
2798 3158 2905 3196 non
2952 3158 3137 3198 secum
3196 3145 3402 3199 ducens

1832 3234 2149 3302 angelorum
2175 3235 2477 3289 exercitum
2508 3254 2520 3288 :
2553 3251 2660 3289 non
2699 3251 2853 3291 suam
2906 3236 3121 3305 jactans
3176 3236 3401 3303 expecti-

1833 3326 2055 3385 tiouetn,
2089 3324 2182 3379 sed
2234 3326 2417 3395 quiete
2454 3340 2517 3380 ac
2566 3326 2837 3381 submisse
2874 3345 2886 3380 :
2945 3326 3017 3380 ita
3065 3342 3251 3397 agens,
3295 3339 3403 3392 quo

148 3421 254 3473 χνῃ
292 3406 485 3473 σοφίας
527 3410 861 3478 παγιδεύσας
889 3412 979 3465 τὸν
1016 3414 1158 3483 ὅφιν,
1190 3416 1285 3468 καὶ
1320 3417 1409 3468 τὸν
1460 3416 1728 3486 δράκοντα

1837 3417 2001 3470 lateat
2039 3415 2342 3485 principem
2380 3417 2765 3481 tenebrarum;
2815 3431 2925 3487 quo
2988 3417 3239 3486 prudenti
3287 3423 3403 3468 arte

150 3497 456 3563 φενακίσας
501 3499 591 3554 τὸν
629 3501 787 3569 νοῦν,
820 3508 911 3559 τὸν
964 3506 1269 3579 Ἀσσύριον,
1300 3508 1389 3560 τὸν
1424 3509 1601 3561 πᾶσαν
1633 3507 1725 3576 ὑφ’

229 3624 251 3653 ι’
298 3614 465 3685 Apoc.
523 3634 561 3681 ι,
590 3618 642 3673 4.

226 3776 290 3839 (’)
321 3770 593 3828 ςλιιλκο.
634 3773 745 3829 Vet.
778 3774 1004 3829 Patrum
1037 3777 1313 3845 Biblioth.,
1344 3788 1385 3835 t.
1432 3779 1569 3846 Xlll,
1602 3797 1652 3851 p.
1684 3782 1770 3836 98.

1834 3507 2128 3578 illaqueato
2160 3514 2414 3577 serpente
2446 3507 2779 3579 Assyrioquc
2831 3508 3070 3563 dracone
3121 3507 3254 3575 (40),
3316 3506 3402 3559 illa

1409 3902 1549 3959 (ἶοΜ
1562 3901 1807 3960 BEFISII
1850 3901 2081 3958 ΝΟΤᾸΞ.

227 3988 339 4062 (59)
374 3988 929 4063 Luculentissimamr
964 3992 1107 4047 hanc
1158 3995 1466 4049 orationem
1526 3995 1726 4049 lubens
1821 3995 2181 4063 solymitanus
2240 3993 2552 4063 episcopus,
2610 3999 2718 4046 etc.
2768 3991 2860 4063 Sig
2913 3989 3107 4046 reddat
3156 3990 3401 4059 aliquis:

151 4068 669 4132 reprmsentassem,
695 4062 873 4129 qualis
915 4062 1026 4132 jam
1066 4066 1236 4117 semel
1273 4072 1328 4119 et
1374 4066 1595 4127 iterum,
1628 4080 1727 4118 sa:-

1836 4060 2099 4132 Ἰωάννης
2126 4063 2489 4132 Δαμασκηνὸς
2516 4060 2782 4132 Joannes,
2815 4060 3180 4116 Damascenus
3204 4063 3376 4129 episco
3394 4091 3407 4101 -

154 4128 517 4216 piusque-Ain
552 4128 948 4216 Germania-et
984 4131 1179 4216 Gallia,
1227 4133 1413 4216 Marco
1473 4134 1730 4203 Hoppero
1823 4128 2234 4216 pit-afuerunt
2288 4128 2530 4216 quoque,
2562 4132 2646 4216 vel
2696 4130 2992 4216 Pata‘vinus
3044 4132 3097 4212 in
3147 4128 3408 4216 Antonio,

156 4198 463 4270 interprete
495 4198 715 4269 prodiit,
749 4201 885 4271 nihil
917 4213 1167 4256 moratus
1205 4205 1498 4259 molitusve
1531 4198 1728 4257 n'o'vam
1823 4198 1906 4259 vel
1960 4204 2285 4259 Tolentinus
2308 4198 2321 4203 ⁷
2350 4198 2433 4257 ἱιι”
2460 4200 2691 4257 Nicolao
2716 4241 2731 4266 ,
2792 4210 2923 4267 etc.,
2988 4201 3409 4271 episcopatuum

156 4271 515 4342 versionem,
583 4270 707 4342 aliis
762 4270 864 4325 sibi
928 4286 1153 4342 operam
1212 4275 1737 4329 vindicantibus’et
1826 4275 1997 4329 tituli.
2035 4274 2171 4327 Belli
2227 4281 2397 4328 certe.
2464 4270 2612 4327 Nihil
2663 4271 2860 4327 bellius
2902 4280 2997 4325 aut
3026 4270 3219 4340 magis
3272 4273 3411 4342 scite

159 4342 437 4402 studium,
471 4340 523 4392 in
563 4340 765 4407 quibus
817 4342 934 4395 sine
966 4340 1197 4396 'invidia
1254 4345 1417 4399 liceat
1462 4346 1735 4409 laborare,

158 4421 223 4467 ut
257 4411 313 4463 in
360 4424 481 4480 quae
532 4409 716 4464 nullus
748 4410 927 4465 adhuc
968 4413 1181 4467 miserit
1215 4429 1472 4479 manum;
1514 4416 1616 4468 nisi
1655 4430 1741 4469 me

1828 4344 2094 4399 Schottus
2128 4344 2271 4413 apud
2326 4342 2488 4397 Phot.
2539 4361 2592 4397 ιι.
2623 4343 2752 4405 251,
2783 4342 2875 4413 ubi
2919 4343 2987 4413 de
3037 4343 3271 4413 epistola
3310 4341 3412 4413 8o-

1833 4416 2076 4484 phronii,
2107 4412 2271 4483 quam
2310 4414 2357 4468 is
2388 4413 2804 4484 aitunissamrév
2840 4412 3030 4484 Ῥώμῃ
3062 4412 3304 4479 Ὀνωρὶῳ
3332 4412 3412 4481 τῷ

160 4484 286 4552 ipso
340 4481 548 4544 limine,
592 4490 705 4532 tum
748 4482 944 4536 titulus
997 4484 1135 4553 ipsc,
1170 4492 1284 4537 tum
1321 4485 1427 4538 alia
1473 4485 1735 4539 oﬂ‘endis-
1767 4545 1803 4554 _
1835 4481 2043 4554 ταύτης
2084 4481 2400 4552 ἐπάρχοντι.
2436 4481 2700 4545 Honorio,
2734 4483 2936 4554 inquit,
2978 4481 3217 4554 Romano
3250 4484 3413 4549 impe-

159 4545 305 4617 εἶξαι,
334 4564 506 4619 eaque
534 4564 642 4624 non
676 4565 958 4624 pauca,“
992 4545 1190 4621 q'uihus
1235 4554 1394 4609 l'acile
1425 4555 1525 4608 fuit
1554 4557 1734 4610 minus
1767 4545 1811 4599 Ῑ)
1840 4545 2060 4609 τοισινίέ
2088 4545 2210 4624 quis
2235 4545 2299 4607 in
2341 4556 2503 4607 titulo
2532 4545 3142 4624 Papamet'liomatmm
3177 4545 3411 4624 Antisti:

162 4624 305 4678 bene
330 4621 565 4693 ominari
593 4621 661 4674 de
691 4620 915 4693 reliquis
932 4620 1183 4678 oratione
1208 4627 1287 4680 sic
1316 4626 1461 4686 fusa,
1490 4626 1739 4693 tantique

162 4691 442 4753 oratoris,
483 4700 725 4757 quantus
785 4692 987 4760 ubique
1044 4694 1200 4748 ﬂoret
1241 4704 1295 4749 et
1362 4696 1499 4748 ludit
1552 4691 1739 4749 noster

165 4762 443 4817 Andreas.
472 4759 659 4815 (ἴε-δέρει
693 4770 778 4815 sat
811 4759 968 4823 sana,
1003 4773 1060 4816 ut
1095 4780 1202 4819 non
1247 4766 1361 4817 visa
1410 4766 1483 4819 sit
1514 4766 1740 4819 collatio

166 4833 404 4887 aliorum
440 4831 839 4899 exemplarium
899 4835 1235 4889 necessaria.
1279 4834 1463 4889 Titulo
1495 4843 1599 4898 est,
1631 4834 1739 4887 Τοῦ

171 4901 449 4975 μακαρίου
496 4901 748 4975 Ἀνδρέου
796 4901 890 4954 τοῦ
947 4904 1410 4974 Ἱεροσολυμίτουο
1462 4920 1572 4975 quo
1629 4906 1741 4959 fere

168 4971 500 5046 cognomine
518 4971 736 5046 ubique
780 4971 1031 5046 notatur,
1066 4971 1243 5030 solum
1281 4971 1496 5046 adjecto
1528 4977 1583 5029 in
1618 4976 1741 5029 aliis

170 5045 323 5098 sedis
381 5043 625 5115 nomine,
654 5057 868 5115 nempe
897 5043 1362 5115 άρχιςπιπκόπού
1390 5049 1639 5115 Κρήτης,
1682 5055 1741 5098 ιιι

170 5115 350 5183 palam
380 5114 451 5167 sit
480 5112 564 5166 vel
597 5112 882 5166 minimum
920 5112 971 5166 in
1016 5113 1223 5172 Graacis
1262 5112 1512 5180 versato,
1533 5112 1641 5171 non
1676 5131 1744 5171 eo

170 5182 282 5239 dici
314 5182 813 5253 Hierosolymitam,
846 5185 992 5256 velut
1024 5186 1191 5241 fuerit
1237 5189 1382 5242 illius
1428 5188 1581 5241 urbis
1627 5190 1745 5256 epi-

172 5269 412 5325 scopus;
446 5267 509 5307 ac
541 5268 720 5322 neque
752 5255 896 5323 quod
939 5270 1058 5309 eam
1104 5258 1336 5325 patriam
1368 5260 1599 5313 sortitus
1626 5255 1699 5313 sit
1730 5276 1740 5311 :

172 5340 303 5379 nam
337 5324 605 5379 Damasco
630 5331 809 5378 ortum
837 5325 1033 5379 docent
1060 5324 1233 5382 Graeci
1268 5330 1320 5382 in
1350 5327 1611 5393 'l'riodio;
1648 5330 1741 5383 sed

171 5411 203 5469 a
233 5409 386 5469 uiora
424 5402 477 5448 et
515 5395 843 5449 monachatu
876 5394 1292 5469 Hierosolymis,
1321 5404 1463 5454 unde
1496 5400 1745 5455 subsidio

172 5465 486 5538 destinatus
532 5472 700 5519 sexta:
746 5469 957 5536 synodo
988 5465 1357 5524 a‘Tlieodoro
1408 5471 1743 5538 patriarcha,

175 5534 529 5608 postmodum
580 5534 871 5605 cooptatus
912 5538 983 5591 sit
1022 5538 1076 5592 in
1120 5534 1423 5595 Ecclesiam
1470 5541 1745 5595 Constan-

176 5605 621 5673 tinOpolitanam,
663 5620 727 5661 ac
776 5608 1011 5663 subinde
1059 5618 1279 5667 creatus
1327 5611 1605 5667 Cretensis
1654 5626 1745 5665 ar-

177 5676 583 5751 chiepiscopus.
636 5674 832 5751 Levius
854 5693 995 5751 ergo
1047 5678 1331 5751 Hopperus
1365 5701 1377 5735 :
1418 5681 1482 5735 ι).
1524 5682 1748 5737 Αηάνεαο

182 5746 664 5821 ῌὶιγοιοίνηιὶιαηὶ
716 5746 1204 5819 οτοὴὶερῖδσοιιὶ.’ἓι
1270 5768 1382 5821 quo
1448 5762 1502 5807 et
1562 5763 1748 5808 noster

184 5818 378 5874 Sixtus
407 5817 590 5875 fucum
630 5832 846 5888 passus,
886 5817 965 5876 sic
995 5817 1049 5877 et
1094 5823 1239 5893 ipse;
1276 5817 1515 5878 Andreas
1550 5825 1745 5879 Hiero-

1845 4636 1950 4679 tem
1978 4669 1991 4689 ,
2028 4622 2705 4695 quomodo¥beneireddit
2740 4623 3012 4695 interpres
3036 4622 3287 4695 Aliaronii,
3326 4623 3411 4677 vel

1840 4692 2247 4765 corrigii‘ipse
2317 4692 2621 4765 Baronius,
2664 4693 3050 4765 intellexerit?
3104 4693 3194 4747 Vel
3248 4709 3410 4765 quem

1844 4764 2015 4819 Roma
2064 4766 2116 4818 id
2152 4765 2415 4834 temporis
2468 4764 2772 4817 Honorium
2815 4765 3198 4830 imperatorem
3234 4764 3414 4818 \‘ltiil?

1845 4836 2008 4889 Sicne
2074 4838 2203 4889 licet
2255 4834 2439 4903 specie
2491 4834 2845 4903 interpretis,
2897 4834 3050 4887 sanis
3099 4846 3408 4897 auctorum,

1844 4909 2037 4975 supina
2072 4920 2172 4961 sua
2208 4907 2547 4960 substituere
2576 4920 2641 4959 ac
2678 4903 2972 4975 ingerere]
3000 4903 3257 4973 ἐπάρχων
3284 4922 3413 4969 ergo

1856 4972 2105 5046 Ῥώμης·
2152 4978 2268 5046 ipse
2295 4984 2381 5030 est
2410 4990 2573 5046 quem
2617 4975 2883 5046 Leontius
2926 4972 3235 5043 Neapoleos
3257 4975 3410 5031 Orat.

1845 5048 1897 5101 in
1936 5044 2325 5114 Mediampent.
2354 5045 2615 5116 πρόεδρον
2662 5044 2879 5114 Ῥώμης
2901 5055 3058 5116 vocat
3092 5064 3103 5097 :
3138 5046 3413 5113 quomodo

1844 5120 2007 5171 etiam
2048 5113 2468 5184 Amphilochius
2511 5113 2772 5185 πρόεδρος
2820 5113 3042 5167 Ἰκονίου
3094 5116 3414 5171 inscribitur

1848 5188 1996 5241 hom.
2028 5188 2097 5243 de
2126 5190 2318 5258 pmnit.
2346 5187 2525 5249 Velut,
2552 5192 2854 5255 prazlectus,
2883 5201 3077 5258 praeses
3103 5226 3117 5250 ,
3146 5201 3209 5241 ac
3240 5188 3414 5257 magis

1846 5274 1909 5314 ex
1945 5275 2043 5311 usu
2078 5255 2485 5320 ecclesiastico,
2519 5259 2772 5319 antistes,
2814 5255 3031 5323 pra'sul.
3269 5259 3275 5264 ’

1918 5329 2030 5401 (40)
2069 5331 2386 5399 Assyriaque
2423 5328 2673 5401 dracone,
2710 5328 3080 5401 illaAaattttia.
3133 5327 3237 5401 Τὸν
3286 5329 3414 5399 δράο

1848 5397 2020 5452 κοντα
2058 5397 2361 5469 φενακίσας
2406 5400 2497 5452 τὸν
2545 5399 2667 5450 νοῦν
2697 5399 2789 5451 τὸν
2827 5397 3133 5468 Ἀσσύριον.
3182 5397 3412 5455 Subtilis

1850 5472 2070 5530 allusio.
2104 5480 2163 5524 ut
2211 5470 2415 5539 duplici
2466 5478 2594 5540 typo
2641 5469 2788 5522 velut
2836 5480 3092 5533 coeunte,
3130 5473 3410 5539 antiquam

1850 5541 2229 5611 illamdiaholi
2276 5540 2533 5594 asmtiam
2568 5540 2859 5608 exprimat,
2891 5540 2979 5611 cui
3011 5550 3191 5611 tamen
3226 5540 3411 5594 Domi-

1851 5626 1955 5666 nus
1981 5609 2142 5666 Jesus
2173 5626 2271 5667 Suo
2294 5612 2528 5665 adventu
2566 5611 2758 5664 illusit.
2786 5609 3223 5681 Assyrius‘ergo,
3254 5613 3411 5679 cujus

1853 5682 1954 5752 fuit
1984 5685 2157 5751 prima
2210 5682 2550 5739 monarchia.
2578 5683 2779 5749 populo
2828 5679 2920 5734 Dei
2957 5682 3023 5734 ab
3070 5679 3298 5752 antiquo
3328 5687 3411 5736 itt-

1852 5751 2229 5818 lensissimus,
2286 5768 2347 5808 ac
2397 5754 2498 5808 sibi
2562 5768 2686 5806 cum
2740 5753 3047 5808 inrumcris
3098 5751 3415 5821 ntancipans

1853 5824 2085 5889 artibus,
2141 5824 2310 5879 draco
2362 5833 2446 5879 est
2498 5824 2588 5875 τὸν
2644 5822 2788 5877 νοῦν.
2856 5824 3098 5893 Serpens
3160 5828 3413 5893 antiquus
