4202 6448
205 374 302 439 889

1224 378 1304 438 IN
1347 372 2044 441 ANNUNTIATIONEM
2088 382 2153 443 B.
2196 380 2481 441 MARIM.

3352 382 3459 448 890

198 488 475 558 σχήματος
496 487 584 539 τὸν
607 484 800 539 ἐαυτοῦ
836 483 1099 555 μονογενῆ
1128 485 1255 539 Υἱὸν
1284 487 1636 555 ἐπιφανέντα,
1667 504 1763 542 κα-

1874 503 2060 558 nempe
2082 489 2292 558 prolata
2329 489 2382 542 in
2413 502 2539 542 eum
2563 486 2653 555 qui
2679 487 2887 556 primos
2930 496 3182 557 parentes
3200 489 3460 561 deceptor

194 581 448 649 τακρίναι
483 579 573 631 τὸν
606 577 1005 647 ἀντικείμενον.
1039 577 1245 648 Εἰρήνη
1281 578 1336 630 δὲ
1360 620 1373 643 ,
1415 579 1482 648 ἢν
1513 579 1772 648 ἐξαίφνης

196 672 227 740 ἡ
260 670 367 721 τῶν
391 670 639 737 ἀγγέλων
663 668 1012 739 χοροστασία,
1048 671 1115 739 τῇ
1144 668 1237 721 τοῦ
1269 670 1606 741 Εἰρηνάρχου
1642 669 1771 723 Υίοῦ

200 763 337 817 κατά
362 762 540 834 σάρκα
563 764 811 833 γεννήσει
851 763 1151 833 ὁμοφώνως
1192 762 1502 834 ἀνύμνησεν
1526 781 1538 793 ·
1579 784 1596 815 ι
1638 763 1775 829 Δόξα

199 859 254 907 ἐν
294 855 536 924 ὑψίστοις
580 853 698 924 Θεῷ
740 854 998 923 λέγουσα,
1040 855 1139 919 καὶ
1182 856 1272 910 ἐπὶ
1311 855 1409 924 γῆς
1457 856 1670 927 εἰρήνη,
1717 856 1775 908 ἐν

200 948 505 1018 ἀνθρώποις
566 948 805 1001 εὐδοκία.
874 967 893 1001 ι
953 948 1128 1012 Δόξα,
1179 950 1244 1019 ἦν
1310 948 1568 1018 ὲδλξάσθη
1625 947 1776 1017 παρὰ

200 1039 431 1110 Χριστοῦ
461 1040 519 1091 το
541 1038 902 1110 ἀνθρώπινον,
937 1040 1044 1093 τῶν
1089 1040 1356 1109 οὐρανίων
1384 1040 1584 1108 ἀψίδων
1610 1040 1776 1109 ὑπερ-

200 1133 312 1184 ἀνω
361 1132 687 1201 γενόμενον,
730 1131 823 1185 καὶ
874 1131 1054 1200 πάσης
1108 1130 1417 1201 ὑπεραρθέν
1463 1131 1639 1200 ἀρχῆς
1682 1131 1776 1182 καὶ

200 1223 445 1286 ἐξουσίας
476 1222 893 1292 καὶδυνάμεως,
929 1223 1067 1275 κατά
1097 1223 1185 1274 τὸν
1224 1222 1396 1291 μέγαν
1418 1222 1772 1273 ἈπόστολΟν.

201 1315 403 1384 Εἰρήνη
431 1315 508 1377 δέ,
535 1316 599 1384 ἣν
626 1315 785 1377 αὐτὸς
810 1315 1129 1384 ἐμεσίτευσε
1158 1311 1400 1381 συνάψας
1428 1316 1538 1373 τοῖς
1557 1312 1650 1364 ἐπὶ
1673 1312 1777 1381 γῆς

198 1408 265 1460 τὰ
288 1408 535 1476 οὐράνια,
566 1408 660 1460 καὶ
683 1405 839 1477 ξένην
863 1407 1050 1478 τρίϐον
1077 1406 1174 1474 τῆς
1202 1409 1279 1469 είς
1297 1406 1564 1477 οὐρανοὺς
1590 1406 1776 1460 ἀνόδου

199 1502 311 1562 τοῖς
357 1501 446 1551 ἐπὶ
483 1503 585 1568 γῆς
625 1500 939 1569 ἐχαρίσατο.
997 1498 1230 1551 Εὑδοκία
1252 1499 1332 1559 δὲ,
1375 1500 1441 1569 ἣν
1481 1499 1643 1561 αὐτὸς
1689 1499 1779 1551 εὑο

196 1589 469 1658 δόκησενό
502 1590 706 1659 Πατὴρ,
734 1589 822 1641 τὸν
857 1589 982 1640 Υἰον
1022 1589 1183 1641 αὒτόν
1215 1588 1498 1658 ἀγαπητὸν
1526 1585 1777 1639 ἀποστεί-

199 1680 297 1743 λας
329 1681 463 1748 πρὸς
504 1683 628 1742 τοὺς
664 1679 1026 1750 κατακρίτους
1060 1681 1226 1748 ἡμᾶς,
1283 1679 1367 1730 ἵνα
1414 1679 1511 1747 τὴν
1550 1680 1775 1747 εὐδοκη-

199 1772 382 1824 θεῖσαν
413 1775 468 1824 ἐν
492 1772 638 1841 αὐτῷ
668 1772 816 1842 παρά
840 1772 930 1824 τοῦ
975 1772 1187 1842 [ἰατρὸς
1216 1771 1514 1841 σωτηρίαν,
1544 1769 1618 1833 ὡς
1644 1772 1776 1838 ὁμο·

1877 579 2129 641 Ιαεείεερι,
2169 580 2464 634 sententia.
2503 578 2758 644 Quando,
2788 586 2841 634 et
2865 596 2892 633 a
2928 583 3218 650 quonam?
3260 583 3457 651 Hodie,

1875 679 1929 726 et
1957 686 1985 723 a
2008 669 2169 726 Patre
2191 672 2476 725 altissimo.
2509 670 2675 725 Juxta
2706 686 2893 741 quam,
2926 674 3019 740 qui
3064 685 3260 729 natura
3292 678 3454 733 beni-

1877 779 2016 834 gnos
2043 774 2125 819 est
2175 775 2227 818 et
2289 765 2609 819 misericors
2662 764 2816 831 juste
2872 764 3118 819 decrevit
3168 778 3227 821 ιιι
3282 767 3459 826 Filius

1877 871 2012 910 suus
2049 857 2386 926 unigenitus,
2422 857 2475 908 in
2510 857 2697 910 eadem
2724 855 3012 910 uobiscum
3046 866 3257 914 natura:
3285 860 3457 917 forma

1877 960 2172 1016 apparens,
2223 947 2599 1000 aiversariutn
2636 947 3051 1002 condemnaret.
3087 947 3194 1002 Pax
3230 961 3412 1007 autem
3442 994 3458 1017 ,

1876 1054 2039 1107 quam
2080 1039 2263 1091 subito
2303 1039 2505 1091 chorus
2552 1047 2867 1108 angelorum
2906 1056 3005 1109 pro
3030 1038 3151 1095 Filii
3184 1040 3460 1114 Principis

1880 1129 2029 1195 pacis
2060 1129 2366 1206 _uativitate
2422 1130 2473 1180 in
2503 1144 2693 1194 carne,
2744 1146 2848 1185 una
2887 1132 2954 1186 de
2990 1132 3133 1187 emlo
3162 1135 3462 1190 celebravit

1878 1236 2032 1283 voce,
2067 1222 2256 1275 dicens
2293 1238 2303 1271 :
2334 1238 2353 1271 ι
2406 1220 2590 1275 Gloria
2629 1222 2681 1275 in
2746 1223 3036 1279 altissimis
3095 1224 3205 1280 Deo
3231 1265 3246 1291 ,
3280 1234 3335 1281 et
3401 1228 3457 1281 in

1879 1323 2023 1368 terra
2054 1331 2153 1384 pax
2178 1356 2191 1377 ,
2229 1316 2280 1367 in
2315 1316 2633 1369 hominibus
2660 1317 2803 1369 bona
2834 1318 3092 1371 voluntas
3126 1326 3172 1371 '.
3214 1337 3233 1368 ι
3268 1319 3456 1373 Gloria

1877 1421 2040 1476 quam
2075 1421 2103 1457 a
2141 1406 2364 1459 Christo
2393 1422 2566 1476 genus
2609 1407 2908 1461 humanum
2941 1417 3026 1462 est
3066 1418 3455 1477 consecutum,

1879 1495 2023 1566 quod
2064 1508 2313 1549 evectum
2348 1499 2419 1549 sit
2454 1512 2619 1564 supra
2652 1499 2916 1551 ecelorum
2962 1498 3148 1563 orbes,
3187 1515 3249 1554 ac
3287 1516 3454 1570 supra

1879 1601 2096 1640 omnem
2136 1586 2528 1656 principatum,
2585 1597 2637 1641 et
2669 1596 3023 1657 potestatem,
3059 1600 3114 1644 et
3168 1591 3450 1654 virtutem,

1883 1687 1941 1730 ιιι
1987 1677 2147 1730 habet
2205 1691 2436 1747 magnus
2468 1678 2795 1747 Apostolus,
2838 1679 3066 1733 elatum.
3100 1678 3211 1733 Pax
3238 1721 3252 1745 ,
3285 1697 3450 1755 quam

1882 1766 1998 1835 ipse
2027 1776 2311 1835 sequester
2336 1775 2390 1820 et
2428 1768 2640 1821 medius
2668 1769 3005 1831 conciliavit,
3032 1778 3184 1825 arcta
3217 1770 3454 1841 quadam

198 1863 357 1933 θελὴς
414 1865 506 1917 τοῦ
556 1829 783 1933 Πατρὺς,
834 1864 913 1925 εἰς
944 1829 1105 1933 ἡμᾶς.
1133 1829 1706 1933 ἐκπληρωσῃ.”Τοῦτο
1746 1861 1773 1914 ὃ

1879 1860 2279 1914 necessitudine
2330 1860 2560 1915 terrenis
2610 1860 2850 1930 jnngens
2907 1862 3190 1926 coelestia,
3237 1879 3458 1934 quaque

198 1953 293 2005 νῦν
346 1954 822 2022 πανηγυρίζομενσ
881 1955 1038 2006 τοῦτο
1090 1954 1326 2021 σήμερον
1389 1952 1481 2004 καὶ
1532 1950 1774 2021 Γαϐριὴλ

199 2046 561 2116 ἐγχειρίζεται
588 2047 648 2098 τὸ
676 2046 976 2115 ἐπίταγμα,
1003 2047 1097 2099 καὶ
1134 2043 1403 2114 μεσιτεύει
1436 2043 1648 2115 θεότητι
1681 2045 1775 2097 καὶ

189 2139 603 2210 ἀνθρωττότητι.
662 2139 756 2192 καὶ
813 2140 994 2209 πάσης
1057 2138 1401 2205 καταλλαγῆς
1469 2139 1652 2208 ὅμηρα
1709 2140 1771 2207 τῇ

195 2232 456 2303 Παρθένῳ
489 2232 704 2301 πρῶτος
740 2230 1177 2300 εὐαγγελίζεται.

1874 1966 2069 2004 novam
2108 1950 2404 2019 quamdam
2436 1950 2575 2004 viam
2621 1951 2880 2006 redeundi
2909 1953 2963 2005 in
3005 1954 3197 2018 ctelos,
3254 1955 3453 2022 positis

1875 2044 1927 2096 in
1970 2051 2115 2095 terra
2152 2042 2468 2095 hominibus
2520 2042 2765 2095 donavit.
2803 2041 2950 2096 Bona
2984 2044 3204 2098 demum
3246 2047 3445 2099 volun-

1873 2141 1978 2196 ιτς,
2005 2147 2112 2202 qua
2146 2131 2307 2187 Pater
2357 2134 2475 2203 ipse
2530 2134 2786 2189 dilectum
2835 2134 3033 2189 Filium
3067 2152 3227 2191 suum
3258 2137 3325 2191 ad
3356 2151 3458 2193 nos

1877 2240 2000 2279 reos
2056 2224 2400 2292 benepiaeito
2455 2225 2638 2290 misit;
2677 2240 2787 2295 quo
2816 2225 2886 2289 is,
2936 2226 3081 2295 velut
3131 2241 3238 2279 una
3272 2225 3457 2283 Patris

193 2326 497 2385 voluntate,
525 2340 687 2395 quam
725 2324 881 2379 Pater
904 2325 1135 2381 salutem
1167 2326 1561 2396 beneplaritam
1597 2325 1648 2377 in
1675 2338 1740 2377 eo
1759 2319 2063 2382 habuisset,
2097 2320 2497 2388 probassetque
2518 2358 2534 2383 ,
2581 2319 2635 2374 in
2666 2321 2825 2373 nobis
2844 2320 3107 2389 expleret.
3156 2320 3266 2373 Hoc
3323 2321 3456 2375 illud

191 2428 279 2471 est
303 2416 444 2486 quod
472 2432 613 2470 lltlllc
644 2417 748 2469 diei
784 2417 923 2470 festo
952 2426 1224 2471 conventu
1251 2419 1615 2473 celebramus.
1651 2414 1763 2467 lloc
1782 2422 1833 2465 et
1862 2411 2077 2465 Gabriel
2104 2412 2265 2465 hodie
2305 2411 2572 2464 creditum
2605 2410 2919 2463 mandatum
2945 2414 3265 2480 exsequitur
3292 2412 3406 2483 (50}
3440 2414 3457 2463 ἶ

196 2509 519 2577 mediusque
554 2508 643 2561 Dei
668 2519 721 2563 et
756 2508 1063 2572 hominum,
1102 2510 1270 2564 totius
1300 2505 1763 2563 reconciliationis
1806 2502 2030 2571 pignora
2076 2500 2283 2570 primus
2312 2500 2520 2571 Virgini
2594 2502 2770 2555 lauste
2830 2504 3144 2555 annuntiat.

264 2601 384 2653 Τῶν
415 2602 523 2670 γάρ
552 2598 854 2670 οἰκτιρμῶν
885 2602 912 2653 ὁ
950 2600 1129 2669 πατὴρ
1156 2642 1169 2664 ,
1204 2602 1480 2670 οἰκτείρας
1516 2599 1576 2651 τδ
1618 2597 1775 2666 γένος

190 2689 380 2760 ἡμῶν,
428 2690 528 2761 ἥδη
579 2690 657 2758 τῷ
709 2690 804 2759 τῆς
853 2689 1126 2760 ἁμαρτίας
1174 2690 1520 2758 καταφθαρέν
1558 2687 1777 2757 ὀλισθήσι

196 2797 363 2849 ματι,
408 2778 652 2848 ἐμνήσθη
695 2778 804 2830 τῶν
834 2778 1011 2848 ἔργων
1048 2779 1155 2830 τῶν
1198 2778 1397 2849 χειρῶν
1438 2777 1639 2839 αὐτοῦ,
1682 2775 1777 2828 καὶ

194 2871 272 2940 μὴ
305 2869 484 2940 φέρων
510 2870 588 2931 είς
619 2868 773 2931 τέλος
809 2870 954 2938 ἡμᾶς
990 2870 1395 2938 ἀπολλυμένους
1432 2869 1584 2938 όρᾷν,
1632 2867 1778 2937 πρῶ-

190 2978 285 3013 τον
326 2962 425 3031 μὲν
455 2962 545 3013 τὸν
585 2962 642 3013 ὲν
677 2961 967 3031 γράμματι
1010 2961 1174 3031 νόμον
1210 2960 1369 3024 πλαξὶ
1414 2959 1642 3022 λιθίναις
1684 2962 1776 3026 ἐγ-

190 3054 583 3123 γεγραμμένον
617 3055 735 3115 ταῖς
786 3053 1029 3113 Μωσέως
1080 3053 1266 3121 χερσὶν
1305 3051 1649 3121 ἐνεχείρισεν.
1692 3050 1778 3113 Ὠς

189 3146 249 3199 δὲ
280 3147 445 3215 μηδὲν
480 3163 498 3195 ι
525 3148 552 3198 ὀ
581 3145 743 3215 νόμος
770 3146 797 3197 ὀ
824 3143 1067 3214 γραπτὸς
1094 3145 1394 3209 ἐτελείωσε,
1422 3162 1439 3194 ι
1468 3137 1774 3210 πνευματο-

192 3238 395 3307 φόρους
440 3237 640 3307 ἄνδρας
698 3235 984 3288 ἀπέστειλε
1013 3276 1026 3298 ,
1078 3236 1204 3298 τοὺς
1260 3234 1598 3304 διορατικους
1635 3233 1778 3300 λέγω

192 3327 510 3397 προφήτας,
559 3326 739 3388 πάσας
778 3326 1275 3397 παραδεικνύοντας
1319 3325 1415 3389 τάς
1454 3324 1605 3388 ὁδοὺς
1635 3325 1770 3377 Θεοῦ

189 3420 293 3483 τὰς
323 3419 557 3483 εὐθείας.
592 3419 679 3482 Ὠς
713 3419 769 3471 δὲ
821 3418 1038 3487 βύοντες
1085 3419 1183 3481 τὰς
1224 3418 1508 3488 αἰσθήσεις
1552 3419 1599 3471 οἱ
1638 3417 1771 3487 πρὸς

190 3511 288 3574 οὓς
334 3510 751 3580 ἀπεστάλησαν,
804 3510 953 3563 οὐδὲν
1004 3506 1165 3581 ἦττον
1214 3510 1414 3580 ὁμοίως
1477 3510 1769 3574 διέκειντο,

191 3602 305 3656 οὐδ’
330 3602 537 3666 οὕτως,
579 3604 735 3673 ἡμῶν
774 3604 833 3655 τὸ
866 3602 1094 3672 πλάσμα
1127 3604 1391 3671 περιεῖῐεν
1422 3603 1449 3654 ὁ
1484 3603 1733 3670 Πλάστης
1755 3617 1768 3632 ·

191 3695 311 3749 ἀλλ’
347 3696 409 3748 ἐκ
435 3695 543 3746 τῶν
572 3694 934 3765 ὑπεραγάθων
958 3693 1121 3746 αὐτοῦ
1146 3695 1238 3747 καὶ
1274 3694 1630 3764 παναμώμων
1654 3693 1773 3745 κόλ-

193 3804 337 3847 πων,
386 3784 477 3838 τὸν
513 3783 809 3855 ὁμόθρονον
850 3783 1017 3837 αὐτοῦ
1069 3784 1160 3836 καὶ¹
1202 3784 1445 3853 ἰσοσθενῆ
1504 3786 1598 3836 καὶ
1652 3784 1770 3836 ίσά-

191 3878 365 3945 γαθον
420 3874 793 3939 ἐξαναστάντα
845 3873 1007 3939 Υἰὸν,
1066 3873 1446 3939 ἐξαπέστειλεν
1500 3876 1579 3936 είς
1647 3876 1771 3938 τοὺς

191 3968 445 4035 ἀναξίους
474 3969 642 4037 ἡμᾶς,
678 3986 695 4019 ι
721 3969 802 4031 εἰς
829 3965 921 4030 οὓς
946 3966 1013 4019 τά
1042 3965 1168 4037 τέλη
1202 3965 1307 4018 τῶν
1341 3964 1548 4017 αίώνων
1573 3967 1771 4035 κατήν-

190 4077 327 4129 τησε
351 4073 366 4087 ο
402 4076 420 4108 ι
465 4058 657 4127 κρίνας
710 4057 911 4127 μᾶλλον
965 4056 1063 4127 τὴν
1103 4056 1212 4108 τῶν
1251 4056 1770 4125 προσκεκρουκότων

194 4151 474 4221 σωτηρίαν
510 4148 873 4220 ἐργάσασθαι,
910 4147 943 4219 ἦ
981 4147 1222 4200 τοιοῦτον
1256 4147 1348 4201 καὶ
1388 4146 1641 4200 τοσοῦτον
1671 4149 1769 4217 τῆς

191 4244 276 4305 είς
317 4241 374 4294 τὸ
406 4240 632 4310 πλάσμα
676 4241 934 4311 περιϊδεῖν
969 4239 1233 4309 ἐργασίας
1268 4238 1616 4309 κατόρθωμα.
1662 4240 1769 4293 Ἑνὶ

190 4334 375 4388 τοίνυν
436 4334 544 4387 τῶν
608 4333 930 4404 πρωτίστων
994 4332 1241 4401 ἀγγέλων
1311 4332 1622 4403 διακονῆσαι
1694 4333 1770 4402 τῷ

197 4426 482 4495 μυστηρίῳ
514 4426 805 4488 θεσπίσας,
850 4423 1060 4489 τοιάδε,
1093 4419 1267 4493 οἶμαι,
1305 4423 1382 4492 τῷ
1429 4423 1527 4493 τῆς
1565 4424 1769 4487 οἰκείας

197 4517 616 4586 μεγαλειότητος
660 4515 1036 4569 διεκελεύσατο
1061 4514 1310 4584 νεύματι.
1350 4514 1540 4586 Δεῦρο,
1570 4516 1766 4585 λέγων,

1948 2591 2113 2646 Pater
2134 2592 2406 2662 siquidem
2429 2592 2937 2647 misericordiarnm
2972 2593 3230 2647 misertus
3255 2595 3417 2646 huma
3433 2622 3456 2633 -

1880 2684 1932 2737 ni
1989 2685 2229 2754 generis,
2293 2683 2438 2754 quod
2476 2685 2587 2753 jam
2643 2684 2996 2754 prolapsione
3055 2685 3108 2738 in
3165 2693 3453 2752 peceatum

1880 2779 2158 2847 periisset,
2210 2776 2537 2831 recordatus
2586 2792 2813 2846 operum
2886 2791 3145 2829 manuum
3207 2789 3453 2838 suarum,

1879 2881 1978 2919 nec
2015 2868 2195 2921 l'erens
2230 2879 2287 2918 ut
2329 2868 2382 2919 in
2418 2864 2579 2918 linem
2617 2872 2908 2935 pereuntes
2941 2867 3180 2931 videret;
3219 2867 3455 2934 primum

1876 2955 2096 3025 quidem
2138 2955 2337 3009 tabulis
2384 2955 2610 3025 lapideis
2644 2955 2963 3025 inscriptam
3019 2955 3190 3024 legem
3224 2954 3279 3009 in
3331 2969 3452 3008 ma-

1880 3062 1984 3100 nus
2028 3045 2195 3117 Moysi
2249 3045 2500 3099 tradidit.
2548 3044 2845 3115 Postquam
2897 3061 3027 3100 vero
3059 3065 3077 3098 ι
3108 3046 3191 3100 lex
3248 3045 3456 3116 scripta

1878 3138 2017 3191 nihil
2054 3136 2119 3188 ad
2156 3135 2457 3206 perfectum
2490 3137 2808 3193 deduxisset
2834 3138 2946 3208 (51)
2990 3153 3052 3192 ac
3081 3153 3458 3195 consummas-

1879 3239 1980 3295 set,
2024 3250 2041 3281 ι
2084 3235 2232 3285 viros
2293 3230 2445 3285 misit
2481 3231 2668 3284 divino
2702 3230 2913 3300 Spiritu
2949 3229 3204 3285 adlatos:
3242 3230 3459 3301 perspi-

1877 3338 2059 3388 caces,
2092 3322 2338 3392 inquam,
2377 3337 2440 3377 ac
2471 3322 2720 3377 videntes
2748 3321 3065 3391 prophetas,
3098 3322 3191 3391 qui
3221 3321 3313 3377 Dei
3338 3323 3457 3377 vias

1876 3421 2055 3468 rectas
2093 3427 2287 3468 omnes
2321 3413 2603 3468 docerent.
2647 3412 2849 3467 Verum
2900 3428 3023 3468 eum
3078 3413 3189 3468 illis
3217 3413 3283 3466 ad
3315 3428 3457 3483 quos

1874 3506 2025 3558 missi
2065 3514 2251 3569 erant,
2317 3505 2593 3559 obturatis
2619 3505 2875 3560 sensibus
2907 3506 3046 3569 suis,
3086 3506 3221 3560 nihil
3258 3499 3455 3560 melius

1874 3596 2050 3651 all‘ecti
2102 3607 2310 3660 essent,
2364 3614 2466 3653 nec
2525 3598 2605 3652 sic
2644 3605 2827 3652 tamen
2891 3598 3163 3651 fictionem
3207 3608 3452 3653 nostram

1873 3686 2077 3754 plastes
2099 3687 2187 3741 ille
2216 3687 2462 3756 despexit
2488 3704 2503 3753 ;
2526 3689 2616 3741 sed
2646 3703 2711 3742 ex
2739 3688 3138 3756 benignissimo
3167 3688 3457 3742 sanctissi—

1873 3793 2070 3848 moque
2095 3781 2215 3835 sinu
2239 3796 2361 3843 suo,
2381 3779 2626 3848 ejusdem
2652 3795 2838 3834 secum
2866 3778 3173 3847 majestatis
3195 3792 3242 3834 et
3266 3789 3456 3849 poten-

1874 3871 1963 3925 tia:
1998 3882 2050 3927 et
2079 3872 2341 3927 bonitatis
2374 3870 2569 3926 Filium
2606 3887 2763 3927 suum
2796 3872 3089 3937 suscitans,
3108 3871 3173 3925 ad
3203 3872 3454 3941 indignos

1874 3982 1970 4022 nos
1998 3966 2165 4029 misit,
2198 3982 2216 4013 ι
2254 3965 2307 4017 in
2327 3977 2466 4030 quos
2500 3962 2632 4016 lines
2659 3963 2983 4016 saeculorum
3002 3962 3338 4017 devenerunt
3375 3980 3388 4015 :
3428 3979 3446 4012 ι

1872 4058 2047 4112 satius
2081 4055 2197 4109 fore
2245 4052 2573 4108 existimans
2634 4059 2693 4104 ut
2738 4066 2928 4104 eorum
2962 4052 3054 4120 qui
3092 4050 3453 4105 oﬂ‘endissent

1870 4152 2185 4216 operaretur
2216 4144 2473 4207 salutem,
2508 4155 2673 4211 quam
2709 4148 2767 4195 ut
2804 4140 2912 4195 tale
2943 4155 3009 4196 ac
3039 4150 3249 4193 tantum
3286 4154 3445 4193 crea-

1870 4237 2035 4290 tionis
2088 4233 2386 4304 specimen,
2441 4246 2691 4301 opusque
2749 4245 2910 4283 suum
2971 4229 3301 4300 despiceret.
3346 4227 3446 4281 Uni

1870 4344 2002 4400 ergo
2030 4344 2095 4383 ex
2124 4325 2413 4397 praecipuis
2451 4324 2681 4393 angelis,
2726 4338 2887 4392 quem
2923 4322 3254 4376 sacramenti
3286 4321 3450 4389 hujus

1872 4411 2177 4474 ministerio
2233 4417 2591 4488 praaleeisset.
2655 4416 2808 4479 talia,
2849 4424 2907 4469 ut.
2941 4423 3091 4486 puto.
3143 4413 3451 4483 maiestatis

1872 4527 1984 4568 suae
2025 4521 2160 4566 nutu
2204 4509 2503 4576 mandavit,
2537 4506 2702 4569 Heus,
2748 4509 3030 4576 inquiens,
3060 4507 3193 4560 vade
3216 4490 3450 4560 \Gabriel

192 4607 372 4670 ᾶπιθι,
401 4608 663 4677 Γαϐριὴλ,
683 4608 763 4670 εἰς
814 4607 1067 4677 Ναζαρὲτ
1088 4648 1102 4669 ,
1148 4607 1301 4661 πόλιν
1333 4607 1433 4677 τῆς
1468 4607 1771 4676 Γαλιλαίας,

1877 4603 2145 4660 Nazareth
2176 4604 2232 4660 in
2256 4603 2531 4657 civitatem
2564 4599 2822 4664 Galilteze,
2857 4600 2909 4653 in
2952 4614 3057 4669 qua
3088 4598 3265 4668 puella
3291 4600 3448 4668 virgo

190 4694 308 4771 ἐνῇ
336 4700 471 4770 κόρη
505 4699 770 4771 παρθένος
792 4698 1080 4762 οίκίζεται,
1111 4716 1566 4770 μεμνηστευμενη
1599 4701 1771 4770 ἀνδρὶ,

191 4784 241 4856 ᾧ
274 4790 443 4860 ὄνομα
482 4792 702 4862 Ἰωσήφ.
746 4792 934 4859 Μαρία
974 4795 1040 4862 τῇ
1076 4792 1330 4863 παρθένῳ
1359 4792 1418 4845 τὸ
1460 4793 1650 4864 ὄνομα.
1682 4795 1774 4858 Εἰς

193 4879 487 4947 Ναζαρὲτ.
546 4882 699 4952 φησί.
771 4883 869 4937 Διὰ
916 4883 1003 4949 τί;
1037 4884 1153 4936 Ἰνα
1212 4882 1270 4936 τὸ
1323 4884 1421 4953 τῆς
1474 4885 1771 4956 παρθενίας

191 4969 594 5041 θεοχαρίτωτον
632 4972 825 5035 κάλλος
843 5013 857 5037 ,
905 4971 1156 5043 καθάπερ
1182 4975 1330 5044 ῥόδον
1356 4975 1414 5039 ἐξ
1446 4976 1771 5045 ἠκανθωμέ-

193 5078 298 5131 νης
339 5062 519 5133 χώρας
564 5065 593 5115 ὁ
638 5064 1038 5135 Παντοκράτωρ
1074 5066 1354 5137 ἐκλέξηται
1378 5084 1391 5097 ’
1423 5068 1515 5122 καὶ
1553 5068 1642 5122 διά
1675 5070 1773 5141 τὴν

273 5246 304 5276 ν
334 5238 465 5293 Luc.
492 5256 551 5299 ll,
588 5238 675 5294 Η.

1874 4699 2082 4754 habitat
2140 4696 2482 4768 deSponsata
2540 4694 2661 4750 viro
2714 4693 2803 4747 cui
2854 4708 3050 4747 nomen
3090 4700 3174 4746 est
3197 4689 3450 4760 Joseph:

1870 4792 2067 4861 virgini
2098 4799 2278 4844 autem
2304 4803 2502 4843 nomen
2526 4796 2630 4849 est,
2668 4784 2859 4840 Maria.
2904 4784 3170 4838 Nazareth
3195 4782 3218 4835 ?
3242 4783 3439 4851 inquit.

1874 4880 2158 4938 Curaam?
2186 4881 2306 4947 Quo
2329 4878 2720 4949 'gratissimum
2761 4877 2869 4931 Deo
2893 4874 3225 4944 virginitatis
3259 4873 3454 4937 decus,

1878 4977 2025 5030 velut
2060 4989 2241 5029 rosam
2263 4988 2295 5029 ο
2344 4972 2574 5042 spinoso
2604 4971 2725 5026 loco
2780 4971 2883 5025 sibi
2929 4967 3296 5038 Omnipotens
3319 4968 3457 5022 dcit-

1880 5072 2029 5136 geret
2058 5080 2069 5115 :
2103 5064 2174 5119 ob
2208 5063 2377 5118 etiam
2408 5061 2777 5132 prophetiam,
2807 5080 2823 5112 ι
2857 5059 3127 5126 Quoniam
3162 5058 3459 5115 Nazaraens

1511 5350 1894 5407 COMBEFISII
1940 5353 2168 5410 ΝΟΤᾹΞ.

275 5446 388 5513 (50)
429 5444 593 5498 Hodie
637 5445 898 5497 creditum
949 5444 1259 5496 mandatum
1294 5444 1619 5508 exsequitur.
1665 5444 1764 5513 Σή-

198 5533 375 5588 μερον
417 5514 803 5588 ἐγίειρίζεται.
847 5515 941 5575 Τὸ,
985 5514 1408 5588 σήέμερον,.Ιιιιι;
1456 5513 1764 5588 retulimus,

195 5582 329 5643 cuin
363 5582 631 5653 impressio
668 5584 940 5639 referrent
995 5586 1059 5653 ad
1102 5582 1415 5651 superiora.
1455 5584 1654 5650 quibus
1687 5592 1767 5635 ta-

197 5671 329 5712 men
367 5652 578 5708 videtur
609 5657 857 5709 suliicere
885 5655 965 5713 το,
1000 5652 1116 5715 νῦν,
1146 5653 1238 5706 sed
1278 5669 1362 5706 res
1393 5661 1476 5706 est
1505 5653 1694 5705 levior.

270 5724 389 5793 (5|)
431 5723 535 5777 Lex.
579 5726 780 5791 scripta
826 5725 959 5777 nihil
1009 5725 1077 5776 ad
1120 5723 1406 5793 perfectum
1438 5720 1763 5775 deduxisset.

204 5792 382 5850 \‘erba
438 5805 562 5848 sunt
618 5793 789 5851 l’uuli.
845 5795 1118 5863 glossante
1164 5792 1388 5863 adjecta
1447 5793 1538 5847 illa
1593 5808 1768 5861 voce,

1863 5447 2061 5514 scripta
2088 5462 2106 5499 :
2153 5460 2216 5500 ac
2251 5444 2628 5515 distinguente
2673 5460 2702 5496 a
2741 5443 2859 5515 lege
2893 5441 3158 5511 Spiritus.
3196 5458 3360 5512 quam
3397 5456 3452 5499 et

1866 5518 2141 5585 propheta:
2172 5517 2317 5568 velut
2344 5514 2495 5570 miSsi
2530 5517 2583 5568 in
2607 5514 2911 5585 subsidium
2940 5515 3223 5585 magniﬁce
3259 5516 3451 5581 prmtli~

1866 5583 2085 5650 caritnt,
2144 5587 2408 5655 paulatim
2465 5583 2863 5639 transferentes
2896 5584 2962 5636 ad
3000 5585 3206 5637 cultum
3252 5586 3447 5655 melio-

1868 5673 2004 5720 rem,
2056 5665 2111 5709 ιιι
2146 5654 2395 5709 subinde
2443 5655 2692 5708 Andreas
2745 5664 2933 5709 uoster
2981 5655 3260 5721 exprimit.
3304 5654 3445 5710 Male

1872 5725 2155 5807 Hopprrtts
2187 5745 2197 5778 :
2254 5723 2659 5807 Pas-(quantum:
2705 5726 2905 5807 arripui
2949 5724 3081 5777 nihil
3115 5724 3395 5793 proﬁcere!
3431 5739 3455 5779 :-

1871 5793 1974 5855 nisi
1998 5793 2149 5853 forte
2174 5797 2415 5865 scripsit,
2442 5793 2738 5864 perﬁceret.
