4236 6440
225 394 312 457 905

1160 387 1242 447 IN
1282 386 1973 447 ANNUNTIATIONEM
2013 389 2074 446 Β.
2116 388 2397 447 ΜΛΗΙίΕ.

3309 401 3413 466 906

222 499 362 572 χαράν
383 497 470 553 τοῦ
503 499 559 550 ἐν
592 495 673 548 cui.
714 497 1010 567 μυστηρίου
1063 498 1308 568 μηνύσω.
1347 499 1736 568 Κεχαριτωμέ-
1766 509 1813 562 Α
1843 499 1894 550 in

1732 527 1736 537 -
1766 509 1813 562 Α
1843 499 1894 550 in
1933 508 1980 552 te
2007 499 2342 552 sacramenti
2374 497 2630 567 gaudium
2673 498 3067 567 signiﬁcarem.
3100 501 3405 560 Gratiosam

219 610 298 661 νην
325 609 372 645 σε
404 582 577 651 εἷπον,
607 589 682 652 ὡς
723 590 891 659 αὐτὴν
919 590 1043 659 ὅλην
1068 589 1164 660 τὴν
1213 591 1389 661 χαρὰν
1443 590 1740 660 δεξαμένην

216 684 266 733 ἐν
289 685 444 753 μήτρᾳ
477 698 607 744 σου,
660 681 752 733 καὶ
789 681 980 751 στολὴν
1027 682 1195 744 ὅντως
1236 682 1632 753 χαριτωθεῖσαν
1673 685 1738 752 τῇ

213 773 302 826 τῶν
330 773 470 826 θείων
524 773 881 843 χαρισμάτων
934 773 1302 844 λαμπρότητι.
1363 792 1382 825 ι
1436 774 1493 826 '0
1537 772 1739 843 Κύριος

213 867 330 934 μετὰ
359 866 462 930 σοῦ,
493 884 510 914 ι
549 863 969 935 προσεφώνησα,
991 864 1076 916 ἵνα
1099 865 1195 935 τὴν
1225 863 1474 929 ἐξουσίαν
1499 865 1588 917 τοῦ
1610 881 1741 935 προ-

208 958 464 1027 δραμόντος
523 958 580 1010 ἐν
632 958 716 1009 σοὶ
769 957 1158 1026 καταμηνύσω.
1221 976 1239 1007 ι
1275 956 1481 1028 Κύριος
1510 958 1616 1028 γάρ
1646 958 1740 1009 καὶ

206 1050 317 1110 Θεὸς
343 1048 704 1116 ἑξουσιαστὴς,
740 1048 924 1118 ἄρχων
949 1047 1172 1117 εἰρήνης
1203 1065 1219 1096 ι
1246 1048 1407 1109 αὐτός
1430 1049 1565 1111 ἐστι,
1608 1066 1625 1098 ι
1646 1049 1740 1100 καὶ

203 1140 283 1193 τοῦ
309 1140 579 1208 μέλλοντος
614 1139 807 1199 αίῶνος
844 1138 1045 1209 πατὴρ,
1079 1155 1096 1188 ι
1145 1139 1238 1190 καὶ
1273 1137 1366 1190 σοῦ
1397 1138 1494 1207 τῆς
1525 1139 1736 1208 Παρθέ-

201 1250 279 1284 νου
303 1232 430 1294 Υἱὸς,
454 1231 546 1282 καὶ
575 1229 790 1281 πάντων
813 1229 1024 1296 Σωτήρ.
1055 1245 1073 1278 t
1108 1227 1165 1280 '0
1181 1227 1380 1298 Κύριος
1409 1230 1546 1297 μετὰ
1571 1231 1661 1282 σού
1684 1248 1697 1261 ·
1714 1250 1731 1283 ι

199 1325 226 1390 ἡ
259 1322 395 1391 χάρις
425 1322 518 1372 καὶ
564 1322 596 1390 ἡ
629 1319 858 1388 ἀλήθεια
896 1319 1033 1389 μετὰ
1066 1317 1189 1371 σοῦ’
1242 1320 1445 1389 Κύριος
1498 1320 1596 1388 μὲν
1644 1323 1737 1374 τοῦ

195 1418 360 1483 νόμον,
385 1414 481 1482 τῆς
505 1414 560 1466 δὲ
579 1415 799 1483 χάριτος
831 1412 1031 1482 πατὴρ,
1049 1413 1140 1464 καὶ
1168 1412 1265 1481 τῆς
1283 1412 1537 1479 ἀληθείας
1564 1415 1734 1482 πηγή.

199 1525 214 1557 ι
236 1506 314 1575 Μὴ
343 1504 522 1572 φοϐοῦ,
543 1504 770 1573 Μαριάμ
789 1520 803 1533 ο
832 1505 859 1554 ὁ
879 1501 1082 1572 Κύριος
1112 1502 1252 1570 μετὰ
1277 1502 1393 1555 σοῦ.
1414 1522 1433 1554 ›
1477 1502 1538 1556 Ὀ
1559 1503 1739 1570 πάσης

192 1597 392 1666 κυρείας
408 1595 764 1664 ἐξουσιάρχης
784 1610 798 1622 ο
835 1594 863 1645 ὁ
885 1593 974 1646 τοῦ
997 1595 1042 1646 ΙΙ
1051 1593 1211 1663 ατρὸς
1240 1593 1347 1646 τῶν
1375 1594 1568 1663 φώτων
1587 1594 1735 1656 Υἱὸς,

188 1692 215 1742 ό
244 1689 472 1758 ἀνάρχως
499 1687 558 1753 ἐξ
587 1684 752 1739 αὑτοῦ
776 1685 1080 1754 γεννηθεὶς,
1116 1684 1210 1736 καὶ
1249 1685 1308 1734 ἐν
1337 1683 1514 1753 χρόνῳ
1550 1685 1612 1735 ὲκ
1643 1682 1735 1735 σοῦ

187 1779 497 1848 σαρκωθείς·
547 1779 574 1830 ό
602 1778 713 1830 ἄνω
760 1776 878 1838 ὅλος
907 1777 1004 1828 σὺν
1045 1774 1195 1844 αύτῷ
1240 1775 1548 1842 ὲγκόλπιος,
1585 1774 1736 1828 κάτω

1844 596 1895 642 lc
1919 587 2053 651 dixi,
2081 589 2228 641 velut
2265 602 2385 657 qua:
2410 587 2579 656 ipsam
2613 596 2780 641 totam
2822 590 3056 659 gratiam
3099 600 3262 648 utero
3288 610 3416 649 sus~

1842 680 2053 749 ceperis
2078 719 2092 743 ,
2131 679 2439 748 stolamque
2504 679 2818 733 divinorum
2869 681 3162 750 splendore
3202 686 3414 742 charis-

1843 783 2045 824 matum
2089 787 2215 826 vere
2252 773 2552 842 gratiosam
2603 773 2735 845 ('75).
2787 777 3127 842 Acclamavi,
3165 796 3185 829 ‹
3227 779 3410 834 Domi-

1843 876 1946 913 nus
1998 868 2198 926 tecum,
2237 879 2255 913 ι
2306 870 2361 915 ut
2391 862 2514 931 ejus
2551 864 2857 932 potentiam
2893 867 3289 936 signiﬁcarem,
3315 870 3409 939 qui

1841 951 1893 1004 iu
1939 962 1988 1006 te
2035 956 2397 1023 pnecucurrit
2444 955 2581 1026 (76).
2617 956 2667 1010 ls
2710 958 2857 1011 enim
2907 957 3176 1016 Dominus
3228 971 3313 1016 cst
3357 972 3411 1016 ct

1843 1058 1861 1089 ι
1901 1039 2043 1095 Deus
2083 1051 2295 1110 patens,
2339 1043 2595 1113 princeps
2651 1046 2825 1115 pacis,
2885 1055 2940 1102 et
2993 1051 3185 1103 saeculi
3236 1050 3408 1106 futuri

1837 1139 2012 1199 pater,
2063 1151 2081 1184 ι
2124 1141 2362 1202 tuusque
2394 1133 2640 1206 Virginis
2683 1136 2876 1204 Filius,
2929 1149 2985 1193 et
3023 1139 3409 1197 universorum

1838 1220 2110 1276 Salvator.
2149 1242 2166 1274 ι
2211 1223 2473 1280 Dominus
2523 1235 2705 1282 tecum
2745 1247 2758 1282 :
2819 1248 2838 1281 ι
2889 1231 3068 1300 gratia
3103 1241 3160 1287 et
3205 1235 3411 1289 veritas

1837 1324 2013 1368 tecum
2044 1333 2057 1368 :
2101 1314 2233 1384 legis
2265 1316 2482 1385 quidem
2515 1317 2814 1386 Dominus;
2845 1323 3032 1390 gratim
3058 1339 3191 1379 vero
3221 1324 3408 1389 Pater,

1836 1423 1898 1459 ac
1919 1407 2042 1461 fons
2078 1410 2347 1462 veritatis.
2383 1427 2400 1459 ι
2435 1409 2512 1466 Ne
2546 1413 2762 1476 timeas,
2789 1413 2956 1469 Maria
2984 1433 2998 1481 ;
3032 1417 3296 1475 Dominus
3329 1429 3410 1476 te-

1836 1512 1976 1550 cum.
2021 1517 2038 1550 I
2072 1499 2143 1563 Is,
2169 1499 2421 1569 inquam,
2467 1504 2558 1570 qui
2600 1505 2780 1559 omnis
2817 1506 3211 1567 dominationis
3251 1521 3408 1581 pote-

1837 1597 2034 1643 statem
2068 1592 2228 1645 habet
2257 1608 2272 1643 :
2318 1590 2499 1647 Patris
2545 1595 2818 1650 luminum
2859 1599 3055 1666 Filius,
3090 1618 3157 1657 ex
3187 1605 3310 1674 ipso
3337 1607 3407 1660 ab

1835 1686 2040 1731 aeterno
2079 1680 2320 1747 genitus,
2351 1694 2415 1734 ac
2449 1681 2506 1734 in
2543 1689 2793 1752 tempore
2822 1701 2890 1740 ex
2930 1694 2983 1741 te
3010 1703 3176 1746 carne
3215 1702 3402 1749 natus.

1834 1769 1939 1833 Qui
1970 1778 2117 1824 totus
2143 1786 2383 1840 superne
2409 1771 2464 1825 in
2496 1773 2622 1827 sinu
2662 1776 2866 1840 Patris,
2905 1789 3166 1850 totusque
3195 1763 3407 1838 inl'erue

181 1872 290 1933 ὅλος
325 1872 452 1940 μετὰ
482 1869 576 1922 σοῦ
604 1870 947 1938 ὲγγάστριος.
979 1868 1148 1930 Αὐτός
1179 1869 1296 1920 ἐστι
1330 1866 1469 1937 μετὰ
1496 1867 1611 1930 σοῦ,
1638 1868 1731 1920 καὶ
1766 1851 1806 1905 Β
1836 1862 1848 1914 i

1728 1851 1806 1919 ,Β
1836 1862 1889 1914 in
1929 1869 2023 1916 tuo
2057 1870 2215 1916 utero
2268 1871 2374 1918 est.
2426 1864 2522 1920 llle
2579 1866 2696 1934 ipse
2757 1876 2936 1924 tecum
2983 1881 3039 1926 et
3085 1873 3141 1926 in
3199 1882 3253 1928 te
3297 1885 3401 1931 est.

180 1965 232 2016 ὲν
261 1963 356 2016 σοί.
403 1960 728 2032 Προφθάσας
760 1961 866 2031 γάρ
913 1961 1242 2030 είσεπήδησε
1267 2000 1282 2023 ,
1349 1959 1443 2012 καὶ
1500 1961 1597 2030 τὴν
1631 1958 1729 2030 σὴν

179 2054 332 2106 ὑπέδυ
367 2053 545 2122 νηδὺν,
606 2053 702 2104 καὶ
754 2052 974 2119 γέγονεν
1002 2053 1058 2104 ὲν
1102 2053 1183 2103 σοι
1219 2051 1486 2121 χωρητὸς,
1534 2052 1562 2102 ό
1587 2049 1730 2103 κατὰ

173 2135 326 2211 ξρύσιν
367 2143 668 2213 ἁχώρητος.
712 2159 729 2191 ι
759 2143 850 2209 Μὴ
879 2139 1070 2208 φοϐοῦ,
1106 2139 1373 2209 Μαριάμ·
1411 2134 1566 2210 εὗρες
1621 2139 1728 2208 γάρ

173 2241 319 2310 χάριν
344 2238 486 2308 παρὰ
518 2237 595 2304 τῷ
625 2235 764 2306 Θεῷ.
793 2254 810 2286 ι
837 2236 1032 2303 Χάριν,
1060 2234 1124 2304 ἣν
1150 2234 1252 2286 οὐκ
1285 2230 1501 2298 ἐδέξατο
1519 2232 1726 2303 nassa,

169 2334 231 2402 ἢν
264 2332 357 2384 ούκ
390 2331 526 2398 ἔγνω
569 2327 855 2388 Ῥεὸέκκα,
905 2327 998 2380 καὶ
1032 2319 1231 2395 Ῥαχὴλ
1264 2325 1364 2377 οὐκ
1400 2324 1720 2394 ἐγνώρισεν.
1747 2393 1763 2405 ,ι

173 2444 190 2476 ι
229 2419 387 2495 Εὖρες
432 2423 626 2492 χάριν,
661 2439 679 2473 ι
740 2415 807 2490 ἧς
864 2420 898 2488 ἡ
959 2415 1286 2481 ἐξάκουστος
1343 2416 1444 2469 οὐκ
1498 2416 1726 2484 ἠξίωται

170 2518 347 2580 Ἀννα,
377 2515 498 2568 οὔτε
525 2514 784 2573 Φενάννα,
819 2513 852 2580 ἡ
882 2511 1087 2582 ταύτης
1116 2510 1414 2572 ἀντίθετος.
1450 2509 1637 2573 Ὅσον,
1671 2511 1724 2562 at

164 2609 259 2678 μὲν
282 2610 337 2674 ἐξ
370 2608 610 2661 ἀτέκνων
639 2605 873 2675 μητέρες
904 2605 1206 2672 πεφήνασι,
1252 2586 1726 2655 συναποϐαλοῦσαί

156 2706 222 2773 τῇ
257 2700 518 2773 παρθενίᾳ
551 2701 650 2769 τὴν
712 2698 1027 2767 στείρωσιψ
1064 2697 1128 2764 σὺ
1183 2694 1240 2748 δὲ
1298 2693 1437 2764 μετὰ
1467 2694 1558 2746 τοῦ
1584 2689 1724 2746 εἶναι

157 2796 359 2865 μήτηρ,
390 2794 483 2846 καὶ
525 2792 587 2844 τὸ
616 2788 972 2862 παρθενεύειν
1002 2788 1368 2857 ἀναφαίρετον
1401 2787 1562 2853 ἕξεις.
1594 2785 1726 2859 «Μὴ

151 2888 327 2941 τοίνυν
354 2886 549 2954 φοϐοῦ·
592 2879 746 2956 εὗρες
777 2883 884 2954 γὰρ
917 2885 1074 2952 χάριν
1101 2885 1250 2953 παρᾶ
1277 2881 1352 2951 τῷ
1381 2881 1518 2952 Θεῷ.
1551 2901 1570 2934 ›
1608 2883 1724 2936 Χά-

154 2997 258 3047 ριν,
293 2980 360 3050 ἢν
394 2978 568 3040 οὐδεὶς
598 2971 723 3047 εὗρε
745 2975 854 3029 τῶν
889 2977 981 3028 ἀπ’
1024 2975 1237 3038 αἰῶνος,
1278 2975 1356 3038 ὼς
1391 2975 1475 3028 σύ.
1511 2976 1619 3028 Καὶ
1639 2975 1724 3038 τίς

148 3070 217 3120 ἂν
251 3068 461 3134 γένοιτο
490 3066 650 3138 χάρις
678 3063 902 3135 τοιαύτη
955 3063 1106 3134 παρὰ
1159 3062 1296 3115 Θεοῦ
1350 3063 1410 3116 τὸ
1444 3061 1722 3134 ἐξαίρετον

144 3158 343 3230 ἔχουσα
361 3175 377 3223 ;

218 3356 235 3384 r
267 3332 440 3406 Εὗρες
467 3335 645 3389 τοίνυν
669 3334 828 3404 χάριν
859 3334 1009 3402 παρὰ
1035 3333 1111 3402 τῷ
1132 3332 1251 3403 Θεῷ
1269 3347 1281 3359 ·
1327 3333 1434 3386 Καὶ
1467 3331 1574 3386 ἰδοὺ
1594 3332 1720 3386 συλ-

134 3429 286 3499 ὶήψῃ
316 3429 374 3480 ὲν
405 3425 626 3495 γαστρὶ,
652 3426 746 3477 καὶ
766 3423 894 3496 τέξῃ
924 3424 1058 3486 υἱὸν,
1077 3423 1174 3475 καὶ
1194 3422 1446 3485 καλέσεις
1469 3422 1530 3475 τὸ
1549 3423 1719 3492 ὄνομα

130 3517 305 3570 αὑτοῦ
345 3513 574 3584 Ἰησοῦν.
603 3533 620 3566 t
648 3513 821 3565 Βαϐαὶ
846 3512 942 3564 τοῦ
976 3512 1256 3581 θαύματος
1281 3511 1293 3564 ί
1332 3511 1555 3581 Πρῶτον
1578 3512 1713 3583 αὐτῇ

126 3607 193 3659 τὸ
230 3604 336 3674 τῆς
372 3603 606 3673 ἀπορίας
626 3604 930 3656 ὲπελύσατο
959 3603 1275 3672 πρόόλημα,
1307 3599 1407 3654 εἷθ’
1431 3601 1602 3664 οὕτως
1624 3602 1714 3656 τὸν

125 3697 230 3764 τῆς
263 3693 563 3763 ἑρμηνείας
600 3694 960 3762 συνεισήγαγε
996 3692 1174 3760 λόγον.
1209 3691 1316 3744 Καὶ
1348 3692 1451 3762 ὅρα
1485 3693 1625 3745 πόσα
1655 3693 1714 3746 ἑν

121 3785 298 3852 ὀλίγῳ
328 3786 494 3836 ποιεῖ.
540 3783 911 3836 Καταστέλλει
939 3784 1030 3835 τὸν
1076 3782 1260 3850 φόόον,
1285 3783 1591 3854 προμηνύει
1615 3783 1713 3853 τὴν

118 3876 312 3945 χάριν,
349 3873 650 3944 ἑρμηνεύει
688 3875 786 3942 τὴν
820 3874 1036 3945 κύησιν,
1067 3873 1400 3944 προφητεύει
1422 3874 1512 3926 τὸν
1534 3873 1711 3940 τόκον,

113 3969 574 4038 όνοματογραφεῖ
593 3966 686 4019 τοῦ
711 3967 1031 4036 τικτομένου
1055 3965 1152 4037 τὴν
1173 3966 1385 4035 κλῆσιν.
1420 3966 1531 4036 Οὐχ
1561 3967 1713 4020 ἵστα-

111 4077 208 4111 ται
252 4060 311 4112 δὲ
364 4061 531 4129 μέχρι
561 4059 765 4112 τούτων
791 4060 819 4112 ὁ
843 4059 1000 4127 λόγος
1029 4059 1176 4128 αύτῷ
1198 4074 1209 4086 ·
1239 4058 1353 4112 ἀλλ’
1384 4058 1469 4110 ἵνα
1516 4060 1608 4112 καὶ¹
1649 4058 1711 4111 τὸ

111 4150 363 4218 μέγεθος
423 4151 522 4217 τῆς
571 4149 818 4215 ἐξουσίας
875 4149 1216 4228 παραδειχθῇ
1274 4151 1371 4201 τοῦ
1405 4150 1704 4218 κυήματος,

105 4241 409 4307 ἐπήγαγεν
454 4239 654 4291 αὐτίκα
680 4254 694 4268 ⁶
755 4256 773 4289 ι
807 4233 976 4300 Οὗτος
1009 4239 1160 4291 ἔσται
1210 4239 1404 4308 μέγας,
1459 4240 1551 4290 καὶ
1580 4239 1706 4299 Υἱὸς

113 4329 397 4406 ’Υιίαίστου
464 4329 832 4400 κληθήσεται·
872 4331 967 4382 καὶ
1024 4329 1184 4382 δώσει
1241 4329 1388 4400 αὐτῷ
1425 4329 1628 4399 Κύριος
1677 4330 1704 4381 ό

97 4422 243 4482 Θεὸς
273 4422 372 4473 τὸν
401 4421 592 4491 θρόνον
620 4421 784 4474 Δασὶδ
809 4421 902 4475 τού
938 4422 1144 4491 πατρὸς
1179 4420 1365 4486 αὑτοῦ,
1421 4423 1512 4474 καὶ
1543 4419 1700 4488 βασι-

177 4590 382 4646 ‘Luc.
429 4607 467 4657 ι,
530 4589 624 4644 5i.

1832 1953 2235 2026 Pratoccupans
2276 1958 2421 2010 enim
2485 1958 2706 2025 insiliit,
2775 1975 2843 2016 ac
2901 1963 3192 2032 ingressus
3247 1975 3402 2022 tuum

1831 2058 2070 2112 uterum,
2107 2049 2160 2102 iu
2206 2056 2260 2103 te
2309 2049 2491 2103 locum
2523 2051 2617 2120 qui
2655 2063 2880 2120 caperet
2913 2055 3148 2120 invenit,
3182 2061 3279 2128 qui
3309 2077 3406 2129 per

1830 2149 2084 2193 naturam
2119 2141 2240 2194 loco
2262 2142 2380 2211 capi
2417 2158 2524 2196 nou
2550 2151 2759 2213 potest.
2803 2164 2821 2197 ι
2852 2145 2931 2202 Ne
2955 2149 3171 2215 timeas,
3210 2151 3399 2216 Maria,

1829 2230 2089 2286 invenisti
2142 2233 2285 2286 enim
2335 2233 2570 2302 gratiam
2614 2237 2760 2305 apud
2793 2237 2986 2294 Deum.
3021 2260 3040 2292 ι
3076 2241 3288 2308 Gratia,
3316 2246 3402 2299 in-

1827 2339 2016 2393 quam,
2051 2339 2217 2393 quam
2255 2324 2390 2379 Sara
2419 2342 2527 2381 non
2563 2329 2812 2398 accepit,
2847 2346 3010 2399 quam
3044 2349 3152 2389 non
3192 2351 3402 2404 cogno-

1826 2416 1904 2470 vit
1937 2416 2232 2483 Rebecca,
2285 2433 2450 2486 quam
2503 2416 2708 2472 Rachel
2767 2423 3028 2477 nescivit.
3069 2441 3087 2475 ι
3137 2423 3399 2481 Invenisti

1828 2507 2083 2575 gratiam,
2131 2525 2149 2557 ι
2200 2522 2365 2576 quam
2405 2522 2506 2562 nec
2548 2508 2787 2563 celebris
2818 2511 2909 2563 illa
2940 2512 3121 2578 Anna,
3151 2530 3252 2570 nec
3279 2517 3400 2586 ejus

1827 2596 2145 2652 adversaria
2181 2597 2476 2653 Phencnna
2517 2601 2784 2669 consequi
2840 2605 3060 2660 meruit.
3127 2606 3263 2660 Nam
3317 2609 3400 2661 has

1827 2688 2065 2757 quidem.
2098 2704 2162 2744 ex
2199 2690 2490 2744 sterilibus
2534 2689 2693 2745 facta:
2740 2701 2877 2747 sunt
2916 2705 3141 2762 matres,
3170 2699 3401 2769 virgini-

1828 2785 1938 2834 tate
1968 2795 2071 2834 una
2095 2796 2219 2835 cum
2245 2781 2484 2836 orbitate
2516 2785 2726 2838 amissa
2758 2802 2770 2837 :
2809 2791 2866 2838 tu
2902 2796 3111 2853 autem,
3140 2798 3198 2843 ut
3224 2800 3400 2846 mater

1827 2869 1927 2932 sis,
1955 2869 2268 2939 virginitate
2299 2877 2482 2924 tamen
2516 2869 2736 2926 frueris.
2765 2886 2985 2942 semper
3026 2875 3220 2934 ilhcsa.
3259 2898 3278 2930 ι
3321 2883 3399 2936 Ne

1825 2955 2018 3011 timeas
2055 2971 2207 3027 ergo,
2233 2959 2492 3013 invenisti
2515 2961 2663 3015 enim
2691 2962 2923 3028 gratiam
2965 2967 3112 3034 apud
3151 2967 3342 3026 Deum.
3373 2993 3392 3020 ι

1823 3045 2070 3102 Gratiam
2111 3049 2393 3116 invenisti,
2428 3065 2594 3120 quam
2647 3052 2837 3107 nullus
2889 3068 2919 3107 a
2970 3059 3196 3122 saeculo,
3250 3062 3397 3117 sicut

1824 3147 1906 3202 tu,
1944 3138 2176 3194 invenit.
2201 3138 2334 3206 Quae
2368 3141 2516 3195 enim
2535 3141 2813 3211 ejusmodi
2844 3157 2874 3196 a
2901 3141 3013 3200 Deo
3042 3149 3243 3204 eximia
3273 3167 3396 3222 gra-

1823 3229 1898 3283 tia
1922 3229 2035 3284 sit?

1897 3342 1916 3375 ι
1955 3323 2215 3379 Invenisti
2248 3324 2432 3394 itaque
2469 3327 2702 3398 gratiam
2735 3329 2880 3400 apud
2917 3330 3083 3387 Deum
3120 3352 3133 3388 :
3178 3333 3242 3388 Et
3268 3349 3396 3391 ecce

1816 3414 2101 3484 concipies
2143 3416 2197 3469 in
2251 3426 2432 3482 utero,
2463 3425 2517 3471 et
2580 3420 2763 3488 paries
2831 3423 3030 3487 lilium,
3067 3434 3121 3480 et
3164 3427 3393 3483 vocabis

1817 3519 2018 3560 nomen
2054 3506 2173 3576 ejus
2202 3505 2386 3562 Jesum
2431 3508 2473 3564 ί.
2515 3528 2534 3562 ι
2575 3511 2734 3581 l’apze
2781 3515 3153 3572 miraculum!
3198 3517 3394 3574 Primae

1814 3598 1865 3650 ei
1900 3598 2233 3665 quaestionis
2279 3598 2513 3653 dubium
2563 3602 2754 3668 solvit,
2791 3610 2905 3658 tum
2939 3622 3071 3661 vero
3115 3615 3392 3665 sermonis

1815 3689 2217 3756 expositionem
2250 3688 2478 3758 adjecit.
2534 3692 2612 3746 Ac
2659 3692 2786 3748 vide
2828 3704 3037 3766 quanta
3067 3698 3218 3754 brevi
3264 3717 3390 3771 per-

1814 3788 1960 3849 agat.
2011 3777 2171 3833 Pellit
2235 3780 2523 3846 timorem,
2593 3786 2922 3853 praenuntiat
2971 3790 3237 3857 gratiam,
3293 3792 3392 3846 de»

1814 3873 1987 3926 clarat
2017 3881 2369 3942 conceptum,
2418 3883 2637 3942 partum
2670 3878 3037 3944 vaticinatur,
3089 3883 3388 3939 nascitur-ae

1815 3964 1984 4032 prolis
2014 3977 2214 4016 nomen
2251 3965 2580 4033 praescribit.
2620 3966 2732 4022 Nec
2771 3983 2906 4022 vero
2941 3968 3103 4024 linem
3146 3972 3237 4025 hic
3265 3989 3386 4026 vcr-

1816 4055 2012 4108 borum
2045 4053 2217 4130 facit;
2261 4056 2355 4108 sed
2394 4064 2451 4109 ut
2497 4057 2817 4125 magnitudo
2861 4074 3084 4131 quoque
3127 4065 3384 4131 potenti-.e

1813 4145 2042 4215 infantis
2078 4146 2435 4214 ostendatur,
2486 4150 2672 4203 statim
2736 4150 3002 4206 addidit:
3046 4171 3064 4204 ι
3120 4155 3223 4208 Hie
3273 4158 3381 4219 erit

1814 4249 2067 4304 mag-nus,
2139 4243 2194 4290 et
2257 4235 2430 4290 Filius
2470 4237 2738 4292 Altissimi
2771 4229 3074 4295 vocabitur.
3127 4242 3194 4296 Et
3224 4243 3377 4298 dabit

1809 4326 1856 4378 ei
1888 4325 2153 4381 Dominus
2186 4326 2327 4380 Deus
2369 4327 2556 4382 scdcm
2596 4328 2761 4383 David
2814 4334 2984 4400 patris
3023 4334 3167 4403 ejus,
3204 4345 3257 4389 et
3291 4353 3374 4390 re-

1807 4419 1995 4489 gnabit
2025 4435 2191 4489 super
2221 4420 2444 4474 domum
2492 4419 2664 4484 Jacob
2701 4423 2757 4478 in
2807 4433 3101 4490 aeternum,
3129 4435 3184 4481 et
3216 4429 3370 4498 regni

1404 4791 1792 4851 COMBEFISII
1822 4795 2057 4851 NOTAE.

159 4929 292 4998 (75)
336 4928 652 5008 Stolantque
708 4946 838 5008 rer_e__
867 4932 1188 5008 gratiosam,
1221 4939 1326 5008 etc.
1361 4931 1470 5008 Καὶ
1501 4931 1691 5008 στολὴν
1726 4937 1767 4991 D
1797 4933 2048 5008 gratiosae
2071 4946 2278 5008 nomen
2311 4929 2522 5008 habeat,
2549 4936 2890 5008 sngnilicatur
2915 4928 3098 5008 hianti:
3128 4945 3366 5008 corpus:

68 5003 267 5072 szcu;
299 5003 756 5072 Ῠχαριτωθεῖσαν,
785 5002 1004 5072 Videtur
1037 5002 1372 5072 subintelligi
1405 5004 1691 5070 repetitum

68 5072 162 5129 τὸ,
219 5069 567 5136 δεξαμένην,
611 5078 668 5122 ιιι
715 5071 1054 5139 significetur
1105 5069 1691 5135 (.ltristi'hmnanitas,

68 5140 372 5208 gaudium
415 5139 552 5190 illud
588 5140 943 5204 universum,
976 5157 1137 5209 quam
1166 5144 1362 5197 stolam
1404 5157 1530 5196 vere
1566 5157 1693 5211 gra-

68 5221 302 5261 tiosam
332 5217 407 5279 et_
426 5211 642 5275 plenam
666 5211 838 5277 gratia
868 5212 1066 5264 eximio
1087 5211 1353 5266 donorum
1384 5213 1692 5279 splendore,

68 5290 352 5347 gratiosa
391 5277 855 5350 Maria_etipleua
893 5282 1085 5349 gratia,
1116 5293 1270 5336 utero
1302 5277 1564 5350 suscepit.
1600 5283 1690 5335 Sic

68 5346 237 5420 smn.
301 5360 530 5420 auctor,
566 5346 769 5420 Christi
829 5346 1117 5403 humanam
1175 5359 1426 5404 naturam
1461 5346 1688 5420 passim,

68 5419 338 5490 Paulina
382 5418 593 5485 phrasi,
629 5419 793 5472 vestis
827 5422 1046 5474 nomine
1093 5420 1362 5490 designat.
1419 5418 1690 5490 Interpres

72 5489 229 5539 nale
265 5486 346 5538 de.
396 5502 503 5540 suo
529 5490 774 5555 exponit,
805 5498 858 5540 et
893 5491 1171 5558 restriugit
1201 5486 1268 5544 ad
1309 5493 1475 5544 alium
1507 5486 1688 5543 et'ab-

68 5570 593 5630 umuznﬁsensum,
630 5568 686 5609 ut
721 5559 860 5630 stola
898 5559 1242 5630 illaisitipsa
1270 5559 1369 5628 τῆς
1389 5561 1689 5630 δεξαμένης

68 5627 262 5699 iur-i7:
306 5624 452 5692 ὃλην
509 5626 609 5694 τὴν
671 5628 862 5696 χαράν,
899 5641 951 5683 et
1003 5624 1184 5684 Maria:
1238 5624 1375 5684 stola
1410 5648 1421 5682 :
1452 5624 1687 5699 Et'quo'd

77 5697 220 5747 ιυὶα
257 5705 369 5745 tua
395 5711 513 5748 rere
536 5704 605 5748 sit
630 5700 886 5763 gratiosa,
920 5709 1026 5754 etc.
1071 5700 1161 5753 Sic
1222 5701 1368 5754 enim
1414 5697 1570 5754 stola'
1597 5702 1688 5752 illa

68 5765 514 5818 :harisutatum
549 5768 838 5835 splendore
876 5772 1135 5838 gratiosa,
1167 5781 1219 5826 et
1249 5786 1277 5824 a
1307 5787 1414 5840 qua
1466 5770 1634 5825 Maria
1665 5808 1681 5836 ,

417 5859 692 5920 Prmos.
737 5861 849 5921 Gn.
893 5863 1138 5923 XCVII.

1796 5003 1941 5078 quod
2002 5004 2368 5078 solu_m_ips_i,
2423 5004 2477 5078 id
2528 5003 2840 5060 est’animze
2887 5007 3029 5075 ejus,
3069 5021 3133 5060 ac
3171 5003 3367 5078 potiori

1797 5073 1970 5147 ipsius
2001 5073 2161 5143 parti,
2190 5073 2350 5126 fuerit
2377 5075 2516 5129 stola
2547 5085 2600 5129 et
2630 5079 2834 5147 vestis:
2871 5073 2965 5147 qui
2991 5085 3142 5131 certe
3171 5073 3370 5134 sensus

1797 5145 2041 5216 absonus
2071 5152 2185 5207 est;
2209 5158 2463 5216 cumuec
2489 5145 2819 5201 charismata
2849 5145 3071 5216 proprie
3110 5149 3220 5203 sint
3244 5168 3368 5203 cor-

1797 5215 2110 5290 poris.,_nec
2146 5228 2176 5265 a
2206 5214 2556 5290 charismatis
2587 5214 3040 5290 corporis,'velut
3069 5217 3237 5282 ὅντως
3275 5239 3370 5290 χα-

1800 5283 2140 5357 ρ-ιτωθέντος,
2164 5292 2236 5357 ,οι
2274 5284 2339 5337 iis
2365 5283 2704 5357 excellenter
2746 5289 2996 5357 gratiosi,
3047 5290 3164 5357 ipsa
3202 5283 3368 5344 maria

1795 5353 2026 5422 ejusque
2087 5355 2304 5430 anima,
2363 5356 2414 5409 id
2474 5357 2652 5430 trahat
2690 5353 2981 5430 nominis,
3034 5353 3371 5430 sedpotius

1796 5437 1826 5477 e
1860 5435 2071 5496 contra,
2108 5433 2178 5496 uti
2209 5426 2261 5477 in
2294 5429 2655 5494 sequentibus
2688 5427 2804 5496 ipse
2837 5439 3027 5482 auctor
3055 5426 3297 5485 deducit.

1801 5515 1810 5523 ν
1868 5495 1981 5570 μ’ίῇ
2017 5492 2119 5570 Qui
2164 5495 2218 5546 in
2247 5505 2294 5548 te
2324 5492 2835 5570 δείπνοισι-μί’ῐοῦ
2876 5498 3283 5570 προδραμόντπ
3313 5503 3371 5554 ὲν

1797 5565 1901 5616 σοί.
1932 5563 2280 5631 Signiﬁcatu:
2329 5564 2485 5620 Verbi
2510 5571 2562 5621 in
2598 5566 2790 5632 Maria,
2833 5563 2957 5622 ante
2981 5563 3370 5625 salutationem

1796 5635 2118 5708 angelicam,
2155 5642 2208 5686 et
2234 5633 2355 5702 ejus
2381 5639 2432 5689 in
2460 5639 2576 5707 ipsa
2601 5641 3001 5703 incarnatione,
3028 5642 3318 5708 praesentia
3353 5660 3367 5695 :

1797 5711 1853 5782 ut
1880 5703 1969 5781 Dei
2008 5700 2202 5782 Filius,
2237 5700 2341 5758 sibi
2376 5700 2579 5782 ipsein
2611 5723 2673 5762 ea
2710 5711 2875 5764 fuerit
2905 5700 3235 5780 praecursor.
3273 5708 3368 5768 Je-

1789 5780 1979 5841 jumus
2006 5780 2278 5842 interpres
2311 5793 2325 5830 ;
2367 5780 2470 5844 Qui
2504 5781 2556 5832 in
2589 5789 2635 5834 te
2659 5792 2756 5835 est.

2821 5871 2893 5932 29
