4236 6440
203 384 300 448 999
1247 381 1329 442 IN
1371 380 1764 440 ANNUNTIA

1827 381 2063 441 [ONEM
2090 384 2151 443 Β.
2181 384 2460 446 ΜΑΗΙᾹΞ.

3371 393 3475 460 910

202 489 622 560 ὑπερανέστηκε.
683 485 793 540 Καὶ
839 486 886 539 εἰ
937 486 1032 539 τοῦ
1077 485 1218 539 κατὰ
1276 485 1439 554 φύσιν
1497 485 1764 548 παντελῶς

1827 495 1862 553 Α
1891 486 2134 558 Deiparm
2179 490 2503 544 intermedla
2536 490 2718 544 futura
2748 501 2830 547 est
2861 511 2871 544 :
2898 501 3107 549 natura:
3131 498 3331 570 quippe
3364 511 3475 557 ter-

198 582 499 652 ἐστέρηται,
531 581 621 633 τὸν
664 578 796 648 γοῦν
830 579 1088 648 ὑπερφυᾶ
1128 578 1286 646 λόγον
1317 578 1778 648 ἑπικρατέστερον

195 673 284 729 τοῦ
315 675 455 727 κατὰ
481 673 645 742 φύσιν
674 672 874 742 σχόντα
906 671 972 724 ’⁵.
1017 672 1130 725 Οὐκ
1161 667 1253 725 οὖν
1289 671 1461 736 πάθος
1510 671 1640 743 περ)⁸
1680 673 1780 740 τὴν

195 768 340 820 κάτω
369 764 588 834 κύησιν.
632 766 660 817 ὃ
710 782 762 817 τι
793 763 904 834 ἔχει
945 766 1155 830 συναεὶ,
1212 763 1347 834 μηδέ
1375 765 1504 834 περὶ
1534 763 1632 832 τὴν
1667 765 1779 818 ἄνω

194 858 439 928 γέννησιν
484 856 912 927 ἐπηκολούθησε.
955 875 974 916 ι
998 856 1222 926 Πνεῦμα
1245 857 1399 924 ἇγιον
1421 856 1777 915 ἐπελεύσεται

196 935 285 1001 sui
307 950 387 1012 σὲ,
426 948 518 1001 καὶ
552 948 779 1018 δύναμις
820 947 1082 1017 Ὑψίστου
1115 949 1432 1002 ἐπισκιάσει
1465 965 1547 1003 σε.
1587 968 1603 999 ι
1632 949 1776 1020 Ὅρα

193 1038 293 1091 ποῦ
321 1037 381 1091 τὺ
401 1039 501 1108 τῆς
532 1037 763 1108 Τριὰδος
815 1038 1145 1108 φανεροῦται
1197 1041 1517 1110 μυστήριον.
1554 1040 1778 1108 Πνεῦμα

191 1129 296 1200 γὰρ
323 1129 477 1197 ἅγιον
509 1131 700 1191 εἰπὼν,
751 1131 852 1183 οὐκ
886 1131 1014 1184 ἄλλο
1055 1130 1087 1201 ἢ
1128 1132 1220 1183 τὸν
1247 1132 1599 1202 παράκλητον
1646 1131 1774 1201 ἔφη.

190 1223 428 1291 Δύναμιν
461 1223 516 1275 δὲ
545 1222 641 1274 τοῦ
683 1221 960 1290 Ὑψίστου,
1013 1223 1310 1292 προφανῶς
1356 1222 1445 1274 τὸν
1492 1222 1618 1275 Υἱὺν
1642 1223 1776 1274 ὑπο-

189 1314 410 1384 γράφει.
448 1313 525 1383 Τῇ
564 1315 672 1382 γὰρ
700 1314 795 1367 τοῦ
833 1315 1125 1382 Ὑψίστου
1156 1317 1327 1384 φωνῇ,
1362 1315 1422 1367 τδ
1450 1315 1543 1368 τοῦ
1564 1316 1778 1384 Πατρὸς

191 1405 601 1475 συνεισφέρεται
639 1405 955 1475 πρόσωπον.
990 1406 1064 1458 Τὸ
1087 1407 1166 1470 δὲ,
1204 1424 1221 1455 ι
1261 1407 1600 1460 Ἑπισκιάσει
1639 1423 1718 1468 σε,
1752 1425 1770 1458 ι

187 1496 364 1547 ἐκεῖνο
392 1495 538 1548 δοκεῖ
571 1513 659 1566 μοι
680 1495 859 1564 λέγειν
885 1497 1046 1566 ὅπερ,
1071 1491 1249 1566 οἶμαι,
1286 1497 1552 1568 πρότερον
1569 1498 1773 1567 Ἀμὸα-

185 1591 330 1658 κοὺμ
354 1590 683 1660 διορατικοῐς
710 1591 955 1662 ὄμμασιν
985 1591 1192 1654 ἐνιδὼν,
1233 1611 1251 1644 ι
1283 1593 1408 1663 ὅρος
1434 1593 1727 1646 κατάσκιον
1751 1613 1767 1644 ι

181 1679 281 1749 τὴν
315 1681 580 1750 παρθένον
617 1684 837 1736 ἐκάλει·
896 1685 1181 1754 μονονουχὶ
1231 1685 1331 1756 τὴν
1372 1686 1771 1740 ἐπισκιάσασαν

182 1772 354 1842 αὐτὴν
383 1772 476 1826 τοῦ
502 1776 820 1843 Πνεύματος
841 1774 1071 1846 δύναμιν
1105 1777 1465 1847 ὑπογράφων,
1499 1797 1772 1849 σκηνοπη-

191 1866 306 1932 γίαν
339 1866 576 1936 ἄρρητον
607 1867 1019 1936 αὑτουργοῦσαν
1051 1869 1108 1921 ἐν
1156 1869 1291 1940 αὐτῇ
1326 1869 1402 1940 τῷ
1444 1871 1542 1939 τῆς
1577 1875 1768 1941 ἐνσαρ-

179 1955 404 2021 κώσεως
435 1959 596 2028 λόγῳ,
625 1944 627 1946 ’
659 1959 782 2012 καθ’
811 1960 870 2012 ὃν
925 1961 1338 2031 ἀχειροτμήτως
1383 1962 1473 2014 τὸν
1518 1964 1643 2017 ναὸν
1675 1964 1767 2017 τοῦ

178 2049 432 2118 σώματος
457 2053 514 2102 ἐν
547 2055 614 2122 τῇ
648 2052 790 2106 κατὰ
806 2052 904 2122 τὴν
925 2052 1132 2122 ἔρημον
1159 2053 1269 2105 τῶν
1294 2054 1478 2107 παθῶν
1502 2055 1603 2124 τῆς
1626 2074 1768 2126 παρ-

185 2140 330 2192 Ἰένου
363 2142 515 2213 νηδύϊ
547 2144 726 2212 πάσης
771 2143 1038 2215 προσύλου
1090 2145 1498 2216 καθαρευούσης
1525 2147 1572 2178 ’⁸
1604 2164 1768 2217 μετα-

173 2233 299 2297 σίας
333 2237 425 2287 καὶ¹
457 2236 853 2306 προσπαθείας,
884 2235 958 2301 ὡς
989 2237 1150 2307 δῆλον
1182 2238 1244 2291 ὲκ
1272 2237 1380 2291 τῶν
1403 2238 1554 2317 ἑξῆς.

169 2339 361 2393 quam,
429 2329 577 2382 velut
639 2330 693 2383 in
753 2328 975 2384 deserto
1050 2333 1284 2398 quodam
1342 2329 1736 2396 all‘ectionum,

1891 580 2074 634 minos
2125 592 2372 652 supcrat.
2415 585 2571 649 Quod
2607 586 2653 639 si
2703 590 2934 643 naturali
2989 606 3217 660 prorsus
3262 598 3473 652 ratione

1888 680 1974 728 est
2015 674 2340 740 destitutus,
2387 674 2447 728 lit
2499 691 2633 732 sane
2689 692 3056 749 consequens,
3111 694 3166 738 ut
3217 687 3471 742 eximiam

1890 769 2184 836 quamdam
2218 779 2270 822 et
2304 770 2542 823 naturali
2590 773 2861 840 potiorem
2908 776 3173 832 rationem
3207 778 3470 836 obtineat.

1882 857 2035 914 Nulla
2074 875 2206 930 ergo
2259 864 2546 930 temporali
2594 877 2752 934 partu
2812 868 3099 938 corruptio
3144 869 3327 926 futura
3362 883 3468 938 est,

1884 953 2064 1020 qualis
2107 968 2326 1023 semper
2355 954 2596 1011 humano
2652 961 2828 1026 partui
2880 976 3066 1017 comes
3097 964 3335 1030 exsistit,
3367 981 3469 1022 nec

1886 1057 2017 1097 vero
2063 1044 2245 1112 aliqua
2301 1056 2560 1100 aeternam
2603 1051 2950 1105 nativitatem
3013 1063 3316 1110 consecuta
3359 1068 3465 1112 est.

1887 1155 1906 1187 ι
1945 1137 2188 1207 Spiritus
2223 1146 2450 1194 sanctus
2501 1142 2850 1210 superveniet
2890 1144 2941 1196 in
2976 1152 3050 1207 te,
3085 1153 3138 1200 et
3167 1147 3348 1202 virtus
3377 1149 3467 1201 Al-

1881 1230 2079 1285 tissimi
2116 1231 2470 1288 obumbrabit
2502 1233 2627 1289 tibi.
2655 1253 2674 1285 »
2706 1233 2840 1289 Vide
2878 1237 3117 1305 qualiter
3148 1239 3462 1296 manifeste-

1881 1330 1972 1375 tur
2003 1323 2289 1379 Trinitatis
2315 1327 2672 1398 mysterium!
2731 1327 2972 1383 Diceudo
3012 1332 3158 1385 enim
3194 1334 3461 1402 Spiritum

1881 1421 2154 1478 sanctum,
2200 1431 2308 1470 non
2355 1418 2523 1471 alium
2574 1417 2712 1471 dixit
2743 1435 2908 1489 quam
2957 1420 3326 1478 Paracletum.
3364 1423 3466 1479 Per

1880 1506 2139 1561 virtutem
2185 1518 2364 1563 autem
2422 1509 2710 1575 Altissimi,
2771 1520 2958 1580 aperte
3008 1512 3209 1568 Filium
3257 1515 3457 1570 innuit.

1878 1594 2014 1649 Nam
2060 1613 2193 1653 voce
2245 1599 2370 1662 hac,
2414 1600 2715 1666 Altissimi,
2764 1599 2940 1657 Patris
2981 1606 3183 1673 pariter
3225 1624 3458 1676 persona

1880 1688 2131 1743 infertur.
2189 1690 2322 1744 Illud
2385 1701 2588 1754 autem,
2651 1711 2669 1741 ι
2732 1693 3082 1750 obumbrahit
3124 1698 3264 1768 tibi,
3319 1718 3336 1750 ι
3403 1702 3455 1752 id

1880 1779 2011 1833 mibi
2045 1780 2263 1835 videtur
2294 1781 2497 1845 dicere,
2541 1783 2687 1852 quod
2723 1785 2852 1838 olim
2889 1795 3018 1855 puto
3047 1789 3461 1859 perspicacibus

1875 1872 2050 1926 oculis
2078 1873 2312 1928 intuitus
2344 1873 2620 1939 Habacuc,
2668 1893 2685 1926 ι
2731 1885 2968 1932 montem
2999 1879 3322 1934 umbrosum
3368 1879 3381 1929 i
3436 1905 3454 1933 ι

1810 1989 1826 1999 α
1851 1965 2135 2035 ‘virginem
2161 1966 2449 2035 appellavit
2478 1985 2489 2020 :
2526 1968 2608 2020 vix
2635 1983 2743 2021 non
2781 1971 2898 2024 suis
2929 1971 3220 2026 coloribus
3251 1973 3454 2042 pictam

1871 2058 2134 2113 exhibens
2188 2060 2363 2128 ipsam
2399 2058 2800 2116 'obumbrantis
2853 2059 3096 2131 Spiritus
3156 2065 3452 2122 virtutem.

1871 2167 1994 2221 quae
2025 2154 2141 2222 ipsa
2162 2153 2483 2207 admirabile
2505 2155 2741 2222 quodam
2778 2156 2830 2208 in
2853 2171 2914 2210 ea
2951 2155 3450 2211 veluttabernacu-

1873 2242 2008 2304 lum,
2055 2256 2155 2311 pro
2207 2242 2603 2297 incarnationis
2640 2235 2854 2299 ratione
2888 2245 3211 2301 excitaverit
3243 2265 3255 2300 :
3295 2247 3452 2314 juxta

1812 2333 2018 2388 mundo
2070 2333 2164 2387 illo
2208 2333 2495 2405 alienoque
2531 2335 2644 2404 (78)
2679 2335 2746 2387 ab
2807 2337 2957 2389 omni
3026 2337 3222 2390 vitiosa
3280 2344 3453 2389 terre-

173 2437 370 2475 norum
419 2424 705 2480 affectione
745 2427 975 2496 virginis
1009 2436 1185 2494 utero,
1235 2442 1344 2483 non
1381 2429 1754 2485 manufactum
1792 2432 2052 2501 templum
2091 2430 2220 2485 illud
2259 2431 2511 2501 corporis
2547 2433 2846 2494 exstruxit,
2910 2442 2967 2486 ut
3045 2449 3110 2486 ex
3173 2435 3452 2504 sequenti-

171 2514 277 2568 bus
315 2515 502 2584 liqucl.

242 2608 382 2674 Φησὶ
403 2609 508 2678 γάρ
532 2623 546 2639 ·
586 2627 601 2660 ι
632 2609 723 2661 Διὸ
746 2610 839 2663 καὶ
863 2608 921 2663 τὸ
948 2611 1244 2682 γενόμενον
1274 2614 1450 2682 ἆγιον,
1480 2613 1754 2683 κληθήσε-

170 2713 261 2748 ται
285 2696 401 2759 υἱὸς
420 2697 610 2750 θεοῦ.»
649 2699 720 2750 Τὸ
744 2701 849 2769 γὰρ
886 2699 945 2765 ὲξ
975 2701 1132 2768 ἁγίου
1159 2703 1478 2773 Πνεῦματος
1506 2704 1571 2755 δι’
1596 2703 1754 2771 ἁγίου

169 2787 386 2857 [ἰατρὸς
412 2788 781 2859 ἀπερινοήτως
814 2790 1143 2846 διαπλασθὲν
1177 2794 1504 2864 προαιώνιον
1529 2794 1750 2864 βρέφος,

164 2878 396 2941 δικαίως
439 2879 592 2946 ἆγιον
631 2880 803 2945 ἔσται,
827 2883 921 2935 καὶ
952 2883 1066 2946 υίὸς
1114 2884 1367 2954 Ὑψίστου
1393 2885 1750 2956 κληθήσεται,

164 2967 246 3031 ὡς
273 2968 368 3021 τοῦ
394 2970 649 3038 Ὑψίστου
676 2972 930 3042 πεφηνὼς
956 2977 1220 3041 συναῖδιος
1250 2976 1422 3044 λόγος.
1449 2978 1752 3043 Δέδεικται,

163 3062 353 3114 τοίνυν
391 3063 580 3130 σαφῶς
610 3067 674 3134 τῇ
709 3066 987 3136 Παρθένῳ,
1011 3067 1061 3121 τί
1089 3069 1181 3120 καὶ
1207 3069 1394 3134 πόθεν,
1433 3069 1526 3123 καὶ
1555 3065 1665 3122 οἷον
1695 3070 1756 3122 τὸ

163 3157 229 3208 ὲν
255 3157 395 3227 αὐτῇ
423 3157 647 3225 κυηθὲν,
671 3161 764 3211 καὶ
791 3160 850 3225 ἐξ
873 3161 1061 3231 αὐτῆς,
1082 3163 1176 3214 καὶ
1212 3163 1255 3193 ""
1288 3163 1413 3225 Υἱὸς
1434 3162 1569 3216 ει)εοῦ
1603 3164 1753 3216 ἔσται

1934 2608 2021 2662 Ait
2050 2607 2195 2661 enim
2227 2625 2238 2659 :
2273 2625 2290 2658 ι
2335 2606 2570 2674 Ideoque
2599 2614 2651 2660 et
2681 2571 2827 2672 quod
2871 2615 3129 2660 nascetur
3167 2613 3449 2658 sanctum.

1861 2701 2152 2756 vocabitur
2179 2699 2324 2753 filius
2363 2697 2454 2752 Dei
2483 2699 2529 2751 ιι.
2574 2716 2592 2750 ι
2629 2697 2762 2751 Nam
2799 2697 2891 2768 qui
2919 2713 2984 2752 ex
3012 2695 3219 2766 Spiritu
3248 2705 3446 2751 sancto

1860 2806 1958 2865 p‘er
1993 2801 2245 2847 sanctum
2284 2791 2497 2844 Patrem
2541 2789 2880 2864 incogitabili
2921 2789 3138 2843 ratione
3180 2779 3476 2858 prazaeter-'

1864 2899 1968 2939 nus
2000 2884 2274 2938 cxsisteus
2310 2881 2577 2937 formatus
2617 2889 2700 2936 est
2731 2880 2938 2945 infans,
2985 2879 3185 2934 merito
3216 2887 3442 2934 sanctus

1861 2978 1988 3040 erit,
2025 2987 2080 3031 et
2130 2975 2302 3029 Filius
2338 2976 2602 3030 Altissimi
2657 2975 2966 3039 vocabitur,
3021 2973 3180 3028 velut'
3233 2973 3441 3043 liquido

1863 3068 2128 3124 Altissimi
2165 3075 2496 3122 coaeternum
2530 3065 2770 3121 Verbum
2804 3067 3080 3121 exsistens
3115 3066 3250 3135 (79).
3283 3065 3440 3119 Clare

1863 3160 2030 3230 igitur
2057 3159 2267 3228 Virgini
2314 3170 2596 3215 ostensum
2642 3170 2724 3215 est
2764 3160 3048 3227 quidnam,
3092 3167 3144 3211 et
3183 3157 3347 3221 unde,
3381 3172 3440 3212 ac

163 3247 231 3298 τλ
260 3248 680 3317 τεχθησόμενον.
711 3250 806 3302 Ἳν’
833 3248 926 3305 οὖν
950 3253 1228 3306 ὲκτυπώτε
1241 3272 1330 3322 ρον
1356 3254 1490 3324 αὐτῇ
1512 3257 1604 3308 καὶ
1637 3271 1763 3324 τρα-

1827 3249 1830 3300 ἰ
1864 3254 2027 3323 quale
2056 3262 2204 3308 esset
2230 3253 2372 3321 quod
2403 3254 2456 3307 in
2491 3253 2605 3320 ipsa
2621 3261 2672 3306 et
2694 3268 2758 3307 ex
2795 3253 2909 3320 ipsa
2933 3260 3257 3318 conceptum
3299 3248 3436 3302 fuis-

162 3339 407 3409 νώτερον
454 3342 820 3414 διασαφηνίσῃ
869 3345 1175 3412 τοῦλόγου
1211 3345 1308 3416 τὴν
1339 3345 1606 3414 δύναμιν,
1661 3346 1760 3415 τῆς

175 3427 471 3482 Ἐλισάὸετ
517 3431 824 3500 συνεισάγει
870 3433 970 3502 τὴν
1007 3432 1222 3500 κύησιν.
1272 3435 1486 3487 Ὢσανεὶ
1542 3433 1756 3502 λέγων,

160 3521 252 3574 ὅτι
308 3521 365 3574 ’0
399 3525 610 3592 μήτραν
638 3523 767 3593 παρ’
817 3524 1010 3577 ἐλπίδα
1040 3528 1261 3595 γόνιμον
1315 3528 1372 3578 ἐν
1400 3527 1547 3597 γήρᾳ
1586 3525 1757 3589 δεῖξαι

159 3611 441 3680 δυνηθεὶς.
477 3614 570 3665 καὶ
599 3614 867 3686 παρθένον
898 3616 1163 3687 κυοφόρον
1209 3616 1348 3688 ὑπὲρ
1380 3619 1539 3686 λόγον
1587 3618 1751 3684 δείξει

160 3704 462 3773 πρόδηλον.
498 3705 588 3758 Διὸ
614 3705 809 3775 ἐπάγει
824 3723 841 3742 ·

1865 3357 1948 3404 set
1970 3347 2107 3422 t80),
2141 3347 2396 3417 quodque
2427 3348 2761 3422 nasciturus,
2797 3343 2890 3398 Dei
2914 3342 3082 3398 Filius
3113 3350 3279 3398 esset.
3316 3340 3436 3406 Quo

1864 3419 2381 3493 autentetiamnum
2416 3417 2766 3492 manifestius
2798 3436 3116 3504 certiusque
3161 3434 3436 3489 sermonis

1863 3529 1913 3583 ei
1946 3528 2055 3581 vim
2085 3524 2415 3590 declararet,
2473 3527 2802 3581 Elisabethaz
2857 3541 3075 3597 quoque
3123 3524 3436 3593 conceptio-

1862 3634 1984 3675 nem
2017 3619 2249 3675 inducit.
2282 3621 2359 3674 Ac
2385 3621 2428 3673 si
2472 3620 2616 3674 dicat
2655 3639 2666 3673 :
2713 3619 2815 3685 Qui
2875 3626 3130 3689 provecta
3156 3623 3436 3673 senectute

1863 3722 2062 3780 praeter
2088 3726 2239 3781 spem
2270 3725 2510 3774 omnem,
2553 3711 2839 3764 matricem
2875 3710 3175 3780 prolillcam
3211 3707 3436 3762 reddere

163 3793 374 3862 potuit.
406 3793 592 3862 utique
637 3795 902 3864 virginem
947 3810 1168 3867 quoque
1218 3797 1400 3852 altiori
1456 3813 1623 3869 supra
1663 3800 1932 3855 rationem
1979 3800 2141 3854 modo
2209 3801 2486 3867 gravidam
2532 3800 2828 3854 etlecturus
2903 3809 3005 3855 est.
3081 3797 3235 3853 Unde
3307 3797 3434 3851 sub-

157 3885 306 3938 dit:

247 3993 265 4025 ι
313 3977 434 4028 Ὅτι
463 3975 562 4031 οὐκ
603 3978 925 4052 ἀδυνατήσει
955 3980 1032 4053 τῷ
1064 3979 1183 4050 Θεῷ
1215 3981 1322 4035 πᾶν
1356 3982 1527 4051 ῥῆμα.
1551 4000 1567 4031 ι
1611 3979 1748 4033 Τού-

152 4084 278 4120 των
310 4069 340 4136 ἡ
397 4069 664 4139 παρθένος
709 4072 1009 4137 ἀκούσασα,
1046 4074 1247 4144 μᾶλλον
1279 4073 1334 4126 δὲ
1360 4073 1436 4143 τῷ
1471 4072 1563 4125 τοῦ
1613 4074 1753 4124 ἐνοιο

153 4156 396 4221 κοῦντος
421 4161 558 4226 φωτὶ
588 4161 977 4230 διαυγασθεῐσα
1006 4164 1096 4216 τὸν
1120 4163 1532 4234 νοῦν,ἀσμένως
1557 4181 1615 4215 τε
1636 4155 1752 4218 διαί⁹
1796 4213 1803 4218 .

149 4245 393 4300 τεθεῖσα
429 4251 493 4319 τῇ
527 4249 764 4322 θυμηδίᾳ
785 4252 878 4306 τοῦ
907 4253 1348 4323 ἐπαγγέλματος,
1376 4255 1472 4324 ὅλη
1501 4253 1752 4325 θυμὴρης

240 4421 254 4471 i
309 4421 503 4477 llabac.
529 4440 606 4488 Ill,
628 4425 680 4488 3,
715 4439 826 4479 sec.
856 4425 1016 4479 LXX.
1097 4429 1119 4465 k
1148 4427 1282 4482 Luc.
1314 4443 1351 4491 ι,
1375 4426 1464 4480 55'.

1549 4425 1563 4465 ι
1601 4426 1732 4484 ibid.
1761 4427 1851 4480 37.

1938 3966 2132 4044 [Quia
2169 3993 2274 4032 non
2329 3988 2436 4032 erat
2483 3979 2822 4047 impossibile
2863 3977 3008 4049 apud
3056 3975 3224 4031 Deum
3273 3991 3432 4029 otnnc

1858 4071 2081 4124 verbum
2143 4070 2183 4124 ί.
2240 4088 2257 4120 ι
2299 4069 2400 4124 Ubi
2453 4070 2603 4140 virgo
2638 4071 2740 4124 ista
2791 4071 3058 4133 audisset,
3096 4084 3193 4124 seu
3250 4068 3432 4136 potius

1861 4162 2222 4218 inhabitantis
2282 4160 2525 4233 Spiritus
2595 4163 2909 4218 illustrante
2973 4163 3190 4217 lumine
3249 4159 3432 4213 animo

1861 4254 2230 4323 perspexisset
2290 4255 2583 4318 nuntiique
2645 4254 2994 4323 jucundilate
3051 4253 3203 4308 velut
3277 4249 3429 4303 avida

1469 4557 1556 4614 VA
1569 4559 1703 4613 ΒΙᾸΞ
1730 4556 2019 4613 LECTION
2031 4556 2130 4608 ES.

277 4695 321 4726 “
347 4693 504 4748 Forte
543 4695 676 4763 ἔχει.
790 4696 834 4725 ’³
864 4693 1040 4749 Locus
1077 4708 1392 4764 corruptus.

1507 4696 1551 4726 "
1579 4694 1744 4748 Forte
1767 4693 1922 4748 deest
1952 4693 2052 4745 ὅτι.

1459 4848 1844 4903 CUMBEFISII
1876 4847 2112 4912 ΝΟΎιΕ.

241 4943 357 5013 (78)
392 4941 590 4997 Mundo
617 4945 729 5002 illo,
757 4943 1054 5011 alienoque,
1095 4950 1201 4996 etc.
1247 4941 1460 5013 Littera
1491 4941 1741 5013 nounibil
1776 4923 1817 4976 θ
1847 4948 1987 5013 ctam
2045 4939 2320 5013 Virginem
2372 4937 2727 5013 ab__llabacnc
2758 4941 2882 5012 ὅρος
2907 4942 3156 5013 σύσκιον.
3196 4951 3419 5013 montem

137 5009 367 5067 vitiosa
396 5025 498 5069 est.
545 5014 831 5068 deflciente
894 5009 1080 5077 verbo,
1114 5009 1262 5080 quod
1315 5020 1493 5064 tamen
1527 5026 1632 5064 non
1670 5011 1741 5063 ita

1849 5010 2175 5072 umbrosum,
2213 5009 2292 5065 sic
2332 5009 2512 5064 reddit
2547 5025 2559 5060 :
2610 5009 2836 5064 montem
2865 5011 3259 5064 obumbrantem
3307 5011 3418 5064 Vir-

137 5083 387 5139 difllcile
433 5083 534 5136 luit
589 5083 862 5151 supplere.
927 5082 1020 5144 Τὸ,
1067 5077 1324 5151 μετασίας
1352 5097 1384 5151 ·ν
1412 5081 1588 5151 visum
1622 5080 1743 5132 ἀντὶ
1843 5081 1955 5150 gini
1984 5079 2332 5151 nuncupauit.
2354 5077 2520 5151 Quasi
2553 5095 2684 5135 vero
2707 5080 2943 5151 Spiritus
2965 5090 3185 5135 sanctus
3209 5081 3415 5151 dicatur

136 5153 288 5216 τοῦ,
325 5153 620 5221 μεσιτείας,
654 5149 774 5206 vide
803 5153 997 5205 melius
1017 5149 1343 5218 explicatum
1376 5150 1429 5204 in
1460 5149 1740 5221 Opemast.

243 5219 357 5284 ('79)
394 5222 535 5276 Velut
595 5221 794 5290 liquido
842 5222 1107 5275 Altissimi
1153 5230 1470 5290 condentum
1516 5219 1739 5273 Verbum

130 5295 554 5373 (adsumentes.
620 5293 708 5373 '05
745 5289 838 5344 τοῦ
890 5291 1142 5373 Ὑψίστου
1181 5289 1438 5373 «semivivi
1472 5290 1740 5373 συναῒδιος

132 5363 366 5430 Λόγος.
406 5360 563 5415 Velut
586 5363 679 5432 qui
704 5377 900 5432 revera
934 5359 1005 5416 sit
1037 5370 1371 5432 quaternum
1394 5359 1654 5432 Verbum.
1678 5369 1743 5432 _et

131 5447 159 5488 ι
179 5428 296 5486 ειῖε
324 5428 668 5499 agnoscatur.
702 5431 970 5500 Interpres
1000 5447 1012 5482 :
1063 5430 1234 5483 Veluti
1263 5430 1529 5483 Altissimi
1569 5428 1742 5498 prola-

137 5516 253 5557 tus
285 5517 455 5554 sermo
485 5518 707 5555 coaevus.
733 5499 932 5554 Verum
969 5516 1072 5554 non
1108 5500 1347 5554 admittit
1373 5515 1504 5554 sana
1533 5500 1742 5553 theolo-

127 5575 252 5644 gia
281 5571 729 5644 so,_npo'poptxov
768 5573 820 5624 in
855 5571 1028 5626 Verbo
1057 5571 1162 5644 isto
1196 5588 1207 5622 :
1244 5570 1387 5644 quod
1413 5569 1737 5644 ὲνδιρθετον,

1846 5149 1937 5204 ille
1972 5164 2128 5203 mons
2161 5150 2252 5218 qui
2286 5149 2595 5212 obumbret,
2641 5149 2962 5214 nonflrlaria,
2991 5151 3074 5203 cui
3108 5151 3246 5218 ipse,
3268 5149 3415 5203 refri-

1844 5229 2066 5288 geraute
2115 5220 2290 5288 gratia
2348 5234 2470 5281 sua,
2518 5220 2766 5273 umbram
2827 5220 3009 5284 faciat,
3068 5237 3242 5290 eoque
3275 5222 3414 5274 velut

1843 5299 2078 5344 montem
2103 5291 2424 5344 umbrosum
2460 5297 2512 5344 et
2545 5305 2774 5358 opacum
2807 5290 3022 5344 elliciat.

1916 5359 2026 5428 (80)
2062 5358 2219 5430 Quod
2237 5360 2290 5430 in
2313 5361 2430 5428 ipsa
2464 5368 2512 5414 et
2540 5377 2603 5414 ex
2629 5360 2745 5428 ipsa
2778 5371 3082 5430 conceptum
3107 5361 3317 5429 fuisset.
3347 5361 3413 5414 Τὲ

1837 5431 1895 5483 ὲν
1927 5430 2062 5499 αὐτῇ
2091 5428 2293 5500 κυηθὲν
2325 5431 2418 5482 καὶ
2439 5430 2497 5493 ἐξ
2523 5431 2723 5500 αὐτῆς,
2763 5433 2913 5485 velut
2934 5428 3246 5486 cat-novere
3270 5448 3410 5486 slum-

1877 5508 1929 5553 ta
1968 5515 2055 5570 ex_
2092 5499 2264 5567 ipsius
2314 5499 2655 5562 substantia,
2686 5517 2792 5556 non
2852 5502 3070 5556 aliunde
3108 5508 3408 5570 apportata.

1834 5568 1986 5640 juxta
2017 5568 2286 5641 valentini
2323 5571 2574 5624 insanum
2605 5570 2824 5638 dogma,
2850 5571 2995 5641 quod
3024 5568 3291 5640 dogmatis
3322 5586 3405 5622 ac-

127 5639 336 5712 iec‘a
371 5639 528 5712 Patre
561 5639 831 5696 excedens
853 5643 1200 5712 processione
1223 5639 1434 5712 abillo,
1468 5639 1569 5712 llde
1593 5648 1738 5712 certa
1837 5640 2220 5712 curatissimus
2260 5640 2509 5712 Andreas
2537 5639 2880 5712 perstringit.
2908 5639 3403 5712 llopperusobscu-

131 5709 363 5769 credit.
419 5710 522 5766 Sed
554 5712 743 5765 crebra
804 5709 932 5766 sunt
987 5711 1240 5780 Hoppero
1265 5709 1534 5779 ejusmodi
1567 5709 1738 5777 σφάλ-

136 5795 358 5856 ματαο
406 5781 484 5836 sic
523 5783 712 5851 paucis
747 5790 872 5838 ante
904 5782 1083 5845 lineis,
1119 5780 1263 5848 quod
1315 5782 1392 5835 ait
1437 5789 1628 5835 auctor
1653 5780 1737 5835 di-

1839 5718 1922 5764 rat
1950 5727 1961 5761 :
1993 5709 2148 5776 Quod
2179 5711 2232 5764 in
2263 5711 2375 5780 ipsa
2417 5708 2722 5782 conceptum
2745 5708 2799 5766 ei
2833 5728 2898 5766 ea:
2935 5708 3049 5782 ipso
3077 5708 3409 5782 proditurum

1836 5790 1990 5836 6836!.
