4236 6440
216 360 315 426 91⁸1

936 355 1018 418 ΙΝ
1057 358 1715 424 CIRCUMCISIONEM
1748 364 2027 426 DOMINI
2068 368 2164 427 ET
2206 368 2285 428 ΙΝ
2326 370 2381 432 S.
2426 367 2819 429 BASlLlUM.

3376 366 3478 427 918

210 460 356 527 θους.
387 464 468 518 τὰ
506 462 632 532 περὶ
669 461 907 533 Ἡρώδου
962 467 1055 520 καλ⁸
1086 468 1342 535 Πιλάτου,
1399 471 1493 523 καὶ
1533 471 1642 525 τῶν
1692 470 1824 529 δύολ

1913 482 2038 525 uxta
2072 480 2331 527 aeternam
2360 472 2703 527 nativitatem
2732 471 2905 528 addit.
2953 469 3123 526 Deum
3153 489 3166 527 :
3194 488 3213 522 ι
3253 468 3345 542 qui
3372 469 3476 523 luit

212 553 441 623 λῃστῶν,
501 555 595 611 καὶ
627 554 745 627 μεθ’
775 557 967 628 ἔτερα,
999 559 1035 614 ἃ.
1078 560 1189 622 τοῖς
1224 559 1433 626 λοιποῖς
1471 564 1785 634 σεσίγηνται

212 647 651 717 εὑαγγελιστατς.

286 913 350 967 Τί
386 915 430 967 δ’
455 916 586 969 αὐτὸ
635 915 883 987 βούλεται
919 918 1117 988 λέγειν·
1159 939 1178 973 ι
1221 924 1294 977 Τὸ
1317 924 1514 997 κληθὲν
1552 930 1658 983 ὑπὸ
1695 932 1790 986 τοῦ

215 1005 448 1073 ἀγγέλου
477 1008 584 1078 πρὸ
614 1008 709 1062 τοῦ
735 1009 1105 1082 συλληφθῆναι
1137 1015 1300 1070 αὐτὸν
1343 1018 1400 1070 ἐν
1427 1023 1491 1090 τῇ
1525 1021 1735 1093 κοιλίᾳ;
1770 1043 1786 1075 ι

216 1096 390 1160 Αὐτὸς
417 1097 849 1170 προσαποδώσει,
875 1101 1103 1170 λέγοντα
1134 1105 1225 1158 τον
1255 1106 1485 1175 ἄγγελον
1513 1112 1795 1179 παριστών

218 1187 355 1259 πρὸς
379 1188 478 1258 τὴν
502 1191 740 1264 Μαρίαν·
779 1211 798 1245 ι
832 1192 973 1266 Τέξῃ
1003 1195 1139 1260 υίὺν,
1180 1196 1275 1251 καὶ
1318 1199 1566 1267 καλέσεις
1594 1204 1654 1257 τὸ
1676 1204 1797 1259 δνο-

222 1297 297 1348 μα
349 1280 515 1335 αὐτοῦ
563 1283 794 1354 Ἰησοῦν.
835 1278 1005 1350 Οὗτος
1061 1286 1216 1343 ἔσται
1285 1290 1479 1360 μέγας,
1544 1296 1638 1347 καὶ
1672 1290 1799 1361 Υἱὸς

230 1368 489 1439 Ὑψίστου
519 1373 873 1445 κληθήσεται.
906 1396 925 1429 ι
962 1378 1036 1431 Τὸ
1064 1379 1120 1433 δὲ
1139 1380 1271 1435 αὐτὸ
1300 1382 1456 1438 τοῦτο
1495 1387 1632 1440 καὶὸ
1653 1391 1801 1443 Ματ-

220 1460 392 1526 θαῖος,
425 1463 506 1525 εἰς
533 1465 601 1518 τὰ
640 1468 769 1538 περὶ
825 1467 926 1538 τῆς
947 1470 1211 1536 ἀπιστίας
1249 1473 1469 1544 Ἰωσὴφ,
1505 1476 1599 1530 τοῦ
1630 1479 1799 1549 ἀγγε-

132 1565 135 1569 ·
219 1551 371 1605 λικοῦ
430 1554 706 1626 ὀνείρατος
768 1558 887 1628 ὕψει
947 1561 1313 1633 πιστούμενον
1366 1567 1798 1633 διαϐεϐαιοῦται,

219 1643 471 1713 γράφων·
527 1665 544 1696 t
583 1647 1030 1722 Μνηστευθείσης
1056 1652 1192 1722 γὰρ]
1216 1655 1318 1725 τῆς
1371 1659 1580 1729 μητρὸς
1632 1660 1799 1715 αὐτοῦ

218 1735 440 1806 Μαρίας
473 1736 550 1807 τῷ
588 1740 805 1810 Ἰωσὴφ,
862 1744 992 1813 πρὶν
1036 1746 1301 1802 εἰσελθεῖν
1342 1749 1560 1815 αὐτοὺς,
1600 1754 1801 1825 εὑρέθη

219 1829 278 1881 ἐν
308 1832 505 1902 γαστρὶ
539 1830 735 1901 ἔχουσα
764 1835 827 1887 ἐκ
852 1835 1169 1906 Πνεύματος
1204 1838 1382 1908 ἁγίου.
1418 1843 1617 1916 Ἰωσὴφ
1662 1846 1719 1899 δὲ
1772 1850 1802 1903 ὁ

220 1920 361 1991 ἀνὴρ
390 1923 580 1992 αὐτῆς,
613 1924 821 1991 δίκαιος
860 1925 957 1993 ὢν,
984 1930 1078 1984 καὶ
1112 1931 1186 2003 μὴ
1223 1931 1393 1989 θέλων
1422 1936 1594 2008 αὐτὴν
1625 1957 1803 2010 παρα-

219 2012 595 2081 δειγματίσαι,
628 2017 904 2091 ἠϐουλήθη
936 2020 1110 2093 λάθρα
1143 2025 1414 2081 ἀπολύσαι
1442 2029 1633 2100 αὐτήν.
1662 2032 1804 2086 Ταῦ-

222 2121 293 2156 τα
324 2104 379 2157 δὲ
409 2107 575 2160 αὐτοῦ
601 2109 1018 2183 ἐνθυμηθέντος,
1045 2115 1153 2170 ἰδοὺ
1184 2117 1411 2186 ἄγγελος
1443 2121 1650 2191 Κυρίου
1683 2126 1803 2179 κατ’

223 2196 359 2267 δναρ
386 2197 628 2271 ἀνεφάνη
666 2202 835 2273 αὐτῷ,
870 2204 1069 2273 λέγων·
1097 2207 1298 2281 Ἰωσὴφ
1336 2213 1451 2277 υίὸς
1481 2214 1664 2277 Δαϐὶδ,
1728 2218 1805 2287 μὴ

226 2287 472 2359 φοϐηθῇς
516 2292 855 2363 παραλαϐεῖν
899 2298 1135 2370 Μαριὰμ
1169 2299 1269 2372 τὴν
1307 2306 1543 2371 γυναῖκά
1578 2325 1693 2360 σου*
1746 2310 1808 2363 τὸ

227 2378 339 2449 γὰρ
394 2379 453 2432 ὲν
482 2380 619 2452 αὐτῇ
648 2385 930 2457 γεννηθὲν,
977 2388 1044 2443 ὲκ
1089 2391 1407 2462 Πνεύματός
1445 2397 1591 2451 ἐστιν
1623 2400 1803 2466 ἁγίου.

227 2470 461 2563 Τέξεται
505 2472 561 2526 δὲ
603 2475 738 2541 υἱὸν,
793 2478 889 2532 καὶ
928 2481 1180 2548 καλέσεις
1214 2485 1271 2537 τὺ
1301 2487 1471 2558 ϐνομα
1499 2489 1663 2546 αὑτοῦ
1706 2494 1810 2563 Ἰη-

231 2562 383 2662 σοῦν·
408 2565 569 2662 αύτρς
592 2568 700 2638 γὰρ
722 2572 884 2624 σώσει
910 2571 1002 2625 τὸν
1022 2573 1148 2629 λαὸν
1167 2577 1332 2632 αὑτοῦ
1362 2580 1472 2633 ἀπὸ
1500 2583 1606 2635 τῶν
1632 2562 1811 2656 ἁμαρ-

230 2655 367 2705 τιῶν
396 2655 595 2710 αὐτῶν.
639 2675 655 2707 ι
696 2660 789 2722 ’ος
828 2662 923 2715 καὶ
966 2664 1215 2735 ἐπιφέρει
1254 2667 1446 2733 λέγων·
1491 2690 1509 2722 ι
1548 2673 1719 2727 Τοῦτο
1755 2655 1812 2729 δὲ

229 2742 356 2795 ὅλον
410 2745 655 2812 γέγονεν,
687 2748 776 2803 ἵνα
811 2751 1073 2825 πληρωθῇ
1126 2758 1188 2811 τὸ
1234 2760 1396 2830 ῥηθὲν
1426 2762 1531 2816 ὑπὸ
1580 2766 1674 2818 τοῦ
1702 2769 1813 2819 Κυ-

233 2834 359 2903 ρίου
410 2834 521 2906 [διὰ
572 2838 663 2891 τοῦ
713 2844 1019 2917 προφήτου]
1046 2846 1315 2915 λέγοντο;’
1353 2871 1372 2903 ι
1414 2853 1657 2923 δηλονότι
1715 2860 1806 2913 Ἦ-

118 2954 121 2957 ν
234 2928 420 2979 σαῒουσ
454 2948 472 2981 σ
501 2930 633 2986 Ἰδοὺ
690 2934 724 3004 ἡ
780 2936 1052 3007 παρθένος
1099 2943 1158 2993 ὲν
1188 2945 1387 3013 γαστρὶ
1416 2947 1553 3015 ἔξει,
1589 2952 1683 3006 καὶ
1722 2954 1813 3007 τέ-

235 3016 394 3080 ξεται
424 3018 559 3086 υἱὸν,
584 3023 679 3075 καὶ
708 3025 1000 3081 καλέσουσι
1030 3031 1090 3082 τὸ
1115 3030 1285 3102 ὄνομα
1313 3033 1477 3089 αὐτοῦ
1504 3038 1706 3110 Ἰησοῦν
1745 3045 1812 3107 ’⁸,

1890 560 1987 615 Dei
2042 571 2063 598 ι’

1888 652 2153 712 Similiter
2179 670 2302 728 qute
2331 654 2397 709 ad
2432 652 2703 710 Herodem
2736 664 2791 709 et
2840 652 3097 719 Pilatum,
3139 667 3205 709 ac
3236 652 3476 707 latrones

1891 754 2175 817 spectant,
2195 763 2258 802 ac
2304 747 2569 818 deinceps
2605 747 2711 801 alia
2756 745 2826 801 ab
2861 745 3218 817 evangelistis
3247 744 3374 801 aliis
3402 743 3476 798 si-

1892 838 1979 892 Ien
1995 840 2070 892 tio
2104 839 2500 907 praetermissa.

2102 580 2120 612 ι
2156 562 2275 616 Alia
2334 563 2464 617 item
2516 563 2751 632 plurima
2806 576 2989 631 usque
3026 560 3093 616 ad
3137 562 3474 631 passionem.

1966 927 2105 995 Quid
2136 945 2291 1001 vero.
2313 928 2445 983 illud
2481 928 2758 1001 signiﬁcat
2792 946 2811 1008 _:
2844 947 2862 980 ι
2889 926 3045 995 Quod
3104 934 3360 982 vocatum
3390 935 3478 981 est
3510 910 3513 917 ’

1897 1020 1967 1074 ab
2022 1022 2221 1090 angelo
2274 1018 2607 1091 priusquam
2660 1020 2717 1075 in
2757 1026 2916 1075 utero
2977 1017 3469 1088 conciperetur?»

1897 1107 2019 1177 Ipse
2068 1109 2288 1163 abunde
2345 1109 2620 1179 exponit,
2659 1108 2915 1179 angelum
2980 1114 3393 1179 repraesentans
3420 1106 3475 1162 in

1898 1198 2017 1254 haec
2044 1199 2213 1253 verba
2266 1199 2496 1256 Mariam
2553 1200 2924 1271 alloquentem
2958 1217 2971 1254 :
3006 1218 3024 1251 ι
3051 1199 3242 1270 Paries
3276 1198 3475 1263 lilium,

1897 1300 1955 1344 et
1984 1289 2214 1348 vocabis
2281 1304 2482 1345 nomen
2546 1291 2667 1361 ejus
2709 1288 2922 1346 Jesum.
2963 1288 3062 1344 Hic
3090 1291 3195 1344 erit
3222 1290 3476 1360 magnus,

1900 1390 1953 1437 et
1987 1380 2165 1437 Filius
2204 1368 2488 1438 'Aitissimi
2542 1381 3057 1438 vocabitur-.illoc
3085 1396 3254 1454 ροβε-ο
3295 1382 3478 1449 ipsum

1900 1471 2068 1526 etiam
2097 1471 2409 1534 Matthzeus,
2450 1471 2544 1526 ubi
2598 1471 2961 1553 dimdentiam
3000 1470 3209 1541 Joseph
3234 1476 3479 1532 enarrat,

1902 1560 2099 1629 angelo
2130 1560 2184 1615 in
2221 1557 2433 1617 somnis
2467 1570 2774 1631 apparente
2830 1560 3218 1616 conﬁrmatum
3254 1558 3478 1621 astruit,

1903 1652 2153 1708 scribens
2178 1671 2190 1706 :
2216 1672 2234 1704 ι
2264 1652 2400 1708 Cum
2425 1662 2572 1711 esset
2598 1654 2934 1724 desponsata
2962 1663 3137 1708 mater
3160 1652 3281 1721 ejus
3306 1651 3481 1706 Maria

1903 1741 2168 1814 Iosepho,
2236 1754 2533 1815 antequam
2596 1746 2983 1808 convenirent,
3054 1744 3277 1798 inventa
3306 1742 3478 1798 estin

1906 1844 2063 1890 utero
2139 1835 2351 1892 habens
2380 1837 2448 1893 de
2520 1837 2761 1907 Spiritus
2810 1845 3028 1893 sancto.
3060 1833 3263 1906 Ioseph
3296 1842 3483 1889 autem

1902 1927 1987 1981 vir
2018 1927 2141 1996 ejus
2161 1943 2283 1982 cum
2310 1935 2458 1984 esset
2484 1926 2690 1997 justus,
2721 1936 2775 1984 et
2806 1927 2979 1982 nollet
3019 1941 3139 1981 eam
3165 1924 3482 1989 traducere,

1903 2018 2075 2073 voluit
2110 2019 2329 2076 occulte
2356 2020 2642 2077 dimittere
2678 2034 2827 2074 eam.
2852 2017 2978 2073 Hinc
3010 2025 3194 2071 autem
3226 2032 3292 2070 eo
3331 2014 3486 2084 cogi-

1906 2120 2087 2178 tante,
2144 2127 2273 2168 ecce
2327 2114 2557 2184 angelus
2588 2111 2836 2169 .Domini
2877 2110 3138 2181 apparuit
3177 2110 3232 2163 in
3271 2109 3484 2165 somnis

1905 2203 1977 2267 ei,
2012 2203 2204 2258 dicens
2240 2220 2255 2257 :
2287 2201 2489 2273 Ioseph
2522 2203 2597 2257 tili
2630 2201 2820 2266 David,
2857 2201 2969 2255 noli
3002 2200 3202 2255 timere
3229 2198 3486 2268 accipere

1910 2293 2135 2347 Mariam
2168 2294 2457 2365 conjugem
2503 2303 2650 2347 tuam
2694 2293 2879 2362 :quotl
2917 2290 3066 2346 enim
3100 2292 3155 2344 in
3196 2304 3273 2347 ea.
3296 2295 3486 2343 natum

1908 2391 2015 2448 est,
2052 2383 2120 2438 de
2155 2384 2362 2454 Spiritu
2409 2391 2602 2438 sancto
2630 2393 2734 2437 est.
2798 2380 2982 2436 Pariet
3046 2386 3227 2435 aulem
3290 2375 3486 2439 lilium,

1907 2485 1961 2530 et
1990 2476 2216 2530 vocabis
2259 2491 2457 2530 nomen
2504 2475 2627 2545 ejus
2674 2473 3043 2543 Iesum:ipse
3092 2472 3239 2525 enim
3268 2471 3487 2526 salvum
3562 2537 3572 2553 ἦ

1912 2565 2074 2619 faciet
2138 2566 2407 2635 pupulum
2468 2579 2680 2619 suuma
2718 2562 2963 2633 peccatis
3014 2576 3206 2618 eorum
3246 2562 3285 2612 ι.
3328 2578 3347 2611 ι
3384 2559 3488 2625 Qui

1912 2668 1966 2712 et
2005 2656 2192 2712 subdit
2226 2656 2417 2711 dicens
2455 2675 2468 2710 :
2513 2673 2531 2706 ί
2560 2654 2675 2711 Hoc
2713 2663 2895 2710 autem
2933 2660 3111 2708 totum
3147 2651 3354 2706 factum
3380 2658 3488 2714 est,

1914 2758 1974 2803 ut
2019 2750 2418 2819 adimpleretur
2461 2748 2610 2819 quod
2666 2748 2875 2802 dictum
2938 2754 3022 2802 est
3051 2761 3081 2800 a
3121 2744 3356 2799 Domino
3394 2759 3494 2814 per
3568 2750 3573 2754 ’
3626 2733 3629 2735 “

1915 2842 2236 2912 prophetam
2288 2841 2587 2909 dicentem,
2638 2856 2835 2917 nempe
2890 2838 2995 2914 per
3039 2837 3291 2892 Isaiam:
3350 2835 3495 2891 Ecce

1916 2935 2073 3003 virgo
2104 2934 2158 2987 in
2194 2943 2354 2987 utero
2428 2933 2671 2997 habebit,
2729 2942 2781 2987 et
2810 2933 3087 2997 vocabunt
3140 2946 3340 2986 nomen
3370 2931 3497 2999 ejus

1916 3026 2236 3080 Emmanuel
2270 3045 2282 3080 :
2316 3026 2460 3095 quod
2490 3026 2896 3095 interpreteris,
2922 3024 3216 3079 Nobiscum
3238 3023 3387 3078 Deus
3407 3031 3491 3076 υ.»

233 3108 269 3160 ὃ
297 3108 423 3206 ἐστιΔ
443 3113 1000 3206 μεθερμηνευόμενον,
1032 3123 1167 3176 Μεθ’
1197 3127 1353 3196 ἡμῶν
1381 3132 1408 3183 ὁ
1432 3108 1582 3196 Θεόςή.
1623 3153 1641 3185 ι
1682 3137 1814 3190 Βλέ-

1921 3115 2086 3170 Vides
2114 3156 2129 3180 ,
2170 3126 2229 3171 ut
2258 3115 2611 3186 evangelista:
2642 3116 3027 3187 prophetaeque
3085 3114 3355 3169 sententia
3410 3129 3499 3183 pa-

237 3216 371 3296 πεις
412 3203 728 3275 ἰσαρίθμους
755 3209 1150 3278 εὐαγγελιστοῦ
1170 3218 1263 3268 καὶ
1284 3222 1562 3291 προφήτου
1599 3227 1816 3296 ῥήσεις

228 3295 835 3366 μεθερμηνευόμενον
874 3301 1000 3371 γὰρ,
1034 3304 1096 3357 τὸ
1132 3308 1271 3362 Μεθ’
1313 3311 1479 3378 ἡμῶν
1519 3317 1552 3367 ὁ
1599 3295 1760 3382 Θεὸς,
1792 3321 1820 3373 ὅ

236 3384 365 3481 ἐστι
412 3387 663 3481 σωτηρία
688 3388 838 3444 λαοῦο
876 3394 956 3458 τὸ,
990 3396 1129 3463 μετὰ
1158 3397 1360 3454 δούλων
1399 3404 1678 3481 ρεσπότην
1720 3411 1819 3481 ἐμ-

238 3473 595 3570 φιλοχωρεῖν.
632 3480 1020 3570 ΫΣυνεπᾴδεται
1078 3490 1143 3559 τῇ
1192 3474 1458 3565 ἀγγελιῖῇ
1506 3497 1568 3549 τὸ
1614 3473 1821 3570 ’Ϊησοῦς

238 3568 423 3660 φωνῇ.
465 3568 685 3660 *Ἰησοῦς
733 3572 842 3644 γὰρ
899 3576 1280 3646 ἑρμηνεύεται,
1333 3583 1408 3646 ὡς
1465 3568 1821 3660 σωτηριωδῶς

239 3655 430 3710 πάντα
458 3658 525 3711 δι’
553 3661 868 3732 οἰκονομίαν
898 3669 1199 3736 συμπαθῶς
1228 3655 1628 3747 ἐργασάμενοᾷ
1653 3655 1822 3739 Τοῦτϐ
1862 3693 1865 3697 ’

240 3750 396 3850 poto
429 3752 620 3850 καιρὸς
656 3747 857 3820 suam,
891 3761 981 3812 καὶ
1012 3760 1045 3831 ἡ
1084 3764 1184 3832 τῆς
1218 3766 1431 3838 ἡμέρας
1463 3770 1691 3843 δύναμις
1734 3780 1823 3850 ὲρ-

239 3837 499 3932 γάςεται,
543 3844 702 3913 χάριν
748 3863 840 3915 μοι
904 3854 1416 3919 προσανατέλλουσα
1466 3837 1682 3932 χάριτι,
1730 3837 1823 3921 καὶ

238 3926 445 3995 γνώσει
472 3933 837 4002 συνάπτουσα,
862 3938 964 3992 ’καὶ
987 3938 1288 4015 λαμρότητι
1317 3955 1826 4024 συναναστράπτουρι

241 4038 342 4086 σα,
396 4026 753 4118 χαριστήριον
805 4029 1089 4102 ἐλλαμψιν.
1149 4038 1255 4091 Καὶ
1313 4040 1395 4093 ὅτι
1455 4026 1554 4109 μὲν
1606 4048 1821 4118 ἐτέχθη,

239 4115 617 4210 προεόρτασαο
647 4121 741 4174 καὶ
785 4122 845 4176 τὸ
890 4126 1078 4193 τεχθὲν
1133 4129 1458 4203 ἀπορρήτως
1499 4115 1821 4210 ἐπίσταμαι·

240 4206 350 4259 καὶ
375 4206 471 4278 τὴν
504 4209 766 4266 τεκοῦσαν
797 4213 1053 4288 ἁσπόρως
1082 4219 1354 4289 γινώσκω.

1934 3209 2085 3262 ribus
2136 3210 2284 3262 velut
2339 3207 2586 3261 numeris
2632 3208 2893 3262 decurrat
2926 3207 2948 3257 ζ’
2978 3205 3114 3260 Illud
3173 3206 3319 3260 enim
3360 3204 3499 3274 quod

1928 3294 2221 3350 Nobiscum
2253 3295 2395 3350 Dem
2426 3297 2950 3366 iuterpreteris,qu:e
2973 3304 3059 3351 est
3090 3296 3277 3366 poliuli
3304 3298 3459 3351 salus
3480 3336 3497 3355 .

1927 3387 2139 3441 Domini
2198 3395 2281 3443 est
2305 3403 2431 3441 cum
2477 3388 2655 3443 servis
2715 3388 2897 3442 amica
2946 3387 3303 3442 inhabitatio.
3365 3374 3497 3442 voci

1927 3480 2187 3550 angelicae
2241 3487 2512 3535 consonat
2572 3486 2771 3533 nomen
2835 3478 2966 3533 illud
3022 3470 3211 3534 Jesus.
3290 3477 3503 3549 Quippe

1927 3575 2112 3631 Jesum
2148 3574 2550 3644 interpreteris,
2578 3572 2669 3642 qui
2691 3570 3035 3625 misericordi
3085 3571 3503 3639 dispensatione

1928 3668 1994 3721 ad
2028 3666 2264 3720 salutem
2327 3666 2513 3719 omnia
2541 3671 2822 3733 cperetur.
2876 3662 3001 3716 Hau:
3041 3661 3173 3715 mihi
3204 3661 3503 3732 opportuni

1930 3760 2192 3828 temporis
2262 3758 2482 3826 largitio
2532 3765 2661 3818 est,
2729 3762 2783 3808 et
2847 3754 2992 3825 quod
3055 3754 3168 3807 diei
3237 3761 3502 3822 operatur

1930 3850 2128 3909 virtus.
2189 3848 2381 3918 gratiae
2447 3847 2827 3901 accessionem
2870 3845 2977 3899 late
3009 3844 3075 3897 ad
3109 3844 3340 3913 gratiam
3372 3843 3504 3897 all‘eo

1931 3957 2079 4005 rens,
2115 3954 2177 3993 ac
2202 3939 2489 3993 scientiam
2509 3937 2753 3992 scientiae
2775 3945 3128 3997 connectens,
3149 3932 3506 4002 junctamque

1932 4028 2209 4099 splendori
2263 4027 2564 4081 claritatem
2615 4028 2679 4080 ad
2730 4027 2867 4097 grati
2900 4026 3065 4081 animi
3106 4024 3504 4081 exhibitionem

1931 4123 2156 4176 illucere
2215 4120 2442 4174 faciens.
2480 4121 2556 4173 Ac
2606 4126 2791 4171 natum
2814 4118 3031 4187 quidem
3050 4117 3163 4187 jam
3188 4116 3503 4172 celebravi:

1930 4213 2192 4284 quodque
2228 4227 2433 4265 arcano
2497 4210 2664 4264 modo
2718 4220 2877 4280 partu
2921 4209 3129 4265 editum
3171 4208 3295 4273 fuit,
3340 4208 3503 4273 novi;

1932 4321 2034 4361 nec
2105 4319 2224 4358 eam
2292 4318 2416 4372 qua:
2465 4300 2617 4356 nullo
2652 4308 2915 4372 suscepto
2965 4301 3198 4367 semine,
3232 4316 3296 4355 ac
3348 4301 3505 4371 virgo

1933 4395 2162 4465 peperit,
2198 4394 2407 4461 ignoro.

327 4472 487 4527 Ἀλλὰ
518 4474 597 4545 τῷ
622 4475 886 4546 τεχθέντι,
922 4479 1046 4549 ἐμοὶ
1076 4482 1391 4551 προσιτέον,
1420 4484 1695 4556 Φοϐοῦμαι
1732 4489 1824 4541 καὶ

2005 4484 2316 4546 Enimvero,
2381 4482 2447 4536 ad
2510 4497 2631 4536 eum
2683 4481 2937 4536 accedam
3003 4482 3096 4552 qui
3163 4489 3249 4537 cst
3302 4484 3505 4540 natus!

237 4564 434 4619 δειλιῶ
464 4567 540 4636 τῷ
569 4568 1004 4640 ἀνεξερευνήτως
1040 4573 1365 4643 προαχθέντι
1405 4577 1828 4650 εὐπροσηγὸρως

242 4657 653 4729 προσαχθῆναι.
690 4662 812 4714 Ἔτι
844 4663 960 4733 εἰμὶ
1002 4665 1059 4715 ἐν
1105 4665 1327 4736 ἀπορίᾳ,
1360 4668 1453 4719 καὶ
1482 4669 1509 4720 ὁ
1546 4669 1828 4741 πλανήτης

237 4752 347 4803 τὸν
375 4751 641 4822 δεσπότην
674 4754 748 4815 ὡς
772 4754 1003 4823 φοϐερὸν
1032 4755 1140 4807 ἀπὸ
1177 4758 1353 4827 φυγῆς
1382 4758 1543 4829 ἔχων,
1576 4762 1825 4833 ἀποκρύ-

241 4843 443 4911 ϐομαι.
474 4844 582 4897 Καὶ
604 4845 765 4898 πόθεν
794 4844 886 4896 τοῦ
913 4849 1155 4900 τοιούτου
1191 4848 1356 4916 φόϐου
1390 4850 1731 4922 λυθήσομαι;
1765 4856 1827 4909 'II

242 4937 355 5003 τῆς
384 4934 596 5003 ἡμέρας
639 4932 873 5004 δηλώσει
921 4934 1189 5006 ἐνέργεια,
1227 4937 1317 4989 τὸν
1347 4939 1467 4990 κατ’
1498 4938 1597 5008 ἐμὲ
1636 4938 1826 5009 κλήσει

244 5026 733 5097 προσκαλούμενον
779 5027 1173 5099 διαγράφουσα.
1222 5028 1333 5083 Καὶ
1385 5030 1469 5093 τίς
1513 5033 1545 5103 ὴ
1598 5031 1825 5101 κλῆσις;

244 5121 490 5188 Ἰησοῦς·
537 5121 565 5174 ὃ
617 5122 982 5192 ἑρμηνεύεται
1016 5126 1301 5192 σωητρία,
1331 5124 1472 5178 καθὰ
1528 5126 1827 5197 τοἚμμα-

244 5213 441 5283 νουὴλ,
469 5216 609 5268 Μεθ’
643 5214 812 5284 ἡμῶν
840 5218 872 5269 ὀ
903 5217 1068 5282 Θεός.
1101 5217 1169 5270 Ὀ
1197 5218 1311 5272 ἐστι
1366 5217 1501 5277 Θεοῦ
1552 5219 1686 5289 πρὸς
1734 5222 1829 5272 ὰν-

244 5305 513 5374 Ορώπους
546 5305 861 5377 καταλλαγὴ
906 5308 1000 5367 καὶ
1049 5309 1340 5374 οἰκείωσις,
1404 5311 1585 5374 καθὼς
1622 5311 1831 5381 Ἰησοῦς

246 5398 450 5466 Σωτὴρ
483 5398 766 5470 κέκληται.
791 5400 961 5453 Τοῦτο
998 5404 1092 5455 καὶ
1135 5403 1390 5471 ποιμένες
1438 5404 1829 5475 εὐηγγελίσθη-

246 5505 360 5542 σαν
390 5490 674 5560 πρότερον.
717 5492 828 5545 Καὶ
858 5493 958 5545 οὐκ
988 5493 1052 5546 ἂν
1088 5493 1166 5563 τῷ
1207 5494 1395 5565 βρέφει
1423 5497 1825 5568 πῳσέψαυσαν,

244 5584 301 5634 εξ
333 5580 407 5649 μὴ
436 5584 501 5652 τῇ
553 5582 743 5653 κλήσει
797 5586 1336 5656 προδυσωπηθέντες,
1370 5588 1448 5660 τῷ
1491 5589 1664 5660 ὁμοίῳ
1694 5590 1829 5661 θαρ-

332 5763 348 5798 ί
383 5756 513 5813 Luc.
558 5775 637 5829 In,
671 5762 759 5820 58.
839 5770 856 5795 ⁵
894 5762 1027 5817 Luc.
1079 5781 1113 5831 I,
1151 5765 1238 5831 5|,
1275 5766 1360 5819 '53.

1934 4573 2125 4627 Timeo
2164 4586 2444 4641 pavcoque
2497 4571 2644 4623 velut
2706 4568 2984 4624 amicioris
3014 4570 3272 4639 colloquii
3319 4571 3503 4639 specie

1930 4678 2052 4720 eum
2109 4662 2285 4726 adire,
2320 4661 2412 4729 qui
2467 4661 2932 4729 imperscrutabili
2986 4660 3148 4715 modo
3194 4662 3247 4714 itt
3322 4661 3500 4716 lucem

1930 4757 2111 4810 editus
2146 4762 2252 4811 est.
2319 4751 2516 4804 Adhuc
2564 4750 2783 4804 consilii
2821 4766 3029 4820 anceps
3064 4751 3265 4813 haereo,
3300 4766 3364 4805 ac
3397 4765 3501 4805 ceu

1930 4866 2055 4910 erro
2087 4849 2175 4903 cui
2205 4862 2232 4899 a
2260 4848 2383 4915 fuga
2447 4846 2706 4899 dominus
2767 4854 3031 4898 terrorem
3065 4845 3323 4909 incutiat,
3375 4843 3501 4899 ats—

1932 4942 2160 4996 condor.
2227 4938 2345 5005 Qua
2414 4952 2545 4991 vero
2604 4937 2816 5007 ratione
2850 4936 3048 4991 timore
3094 4935 3499 5003 cjusmodiab~

1935 5031 2157 5089 solvar?
2195 5031 2307 5084 Diei
2352 5030 2629 5084 hodierna:
2682 5027 2985 5082 declarabit
3018 5028 3219 5092 virtus,
3248 5042 3372 5081 cum
3404 5026 3497 5096 qui

1932 5125 2173 5180 hominis
2231 5139 2446 5177 mecum
2534 5120 2711 5174 induit
2780 5130 3058 5183 naturam,
3112 5135 3210 5189 pro
3260 5118 3501 5175 hominis

1935 5233 2149 5271 mecum
2216 5217 2428 5270 ratione
2464 5214 2702 5268 nominis
2732 5212 3097 5283 appellatione
3147 5220 3373 5264 auctum
3405 5210 3497 5263 de—

1938 5310 2213 5365 scribens.
2270 5307 2503 5374 Quinam
2561 5321 2691 5359 vero
2758 5303 3031 5358 vocatur?
3077 5299 3240 5357 Jesus
3298 5319 3310 5355 :
3357 5302 3502 5370 quod

1937 5404 2170 5457 salutem
2229 5400 2631 5466 interpreteris,-
2670 5397 3131 5470 quemadmodum
3186 5396 3317 5450 illud
3379 5393 3504 5448 Etu-

1938 5497 2180 5559 manuel,
2212 5493 2497 5547 Nobiscum
2531 5492 2693 5547 Deus.
2739 5492 2862 5546 Ilaec
2893 5489 2989 5545 Dei
3027 5504 3151 5543 cum
3189 5487 3506 5543 hominibus

1939 5588 2317 5644 reconciliatio
2363 5598 2446 5661 est
2476 5593 2529 5641 ct
2560 5586 2695 5640 inita
2746 5584 3003 5655 societas,
3042 5582 3122 5639 uti
3169 5580 3331 5639 Iesus
3388 5580 3506 5639 Sal—

1485 5769 1494 5797 ‘
1538 5765 1724 5819 Matth.
1762 5781 1773 5819 t
1861 5765 2048 5821 IS—‘II.
2126 5773 2149 5802 “
2194 5764 2321 5820 ibid.
2350 5765 2550 5827 22,23.
