4236 6440
232 351 338 417 m

230 480 395 530 ακτος
444 467 634 534 γέγονε

227 557 388 629 ὀγδόῃ
420 556 513 608 τοῦ
554 556 782 627 βρέφους
829 557 1152 609 ὲπιδοθεϊσα.
1203 558 1309 607 Καὶ
1356 557 1456 607 οὐκ
1503 555 1778 615 ἀσκόπως.

229 647 480 711 Εἰδὼὶ.οις
508 653 618 721 γὰρ
650 651 755 703 ἀπὸ
776 652 927 722 Θαρὲ
955 650 1156 716 πατρὸς
1204 646 1451 719 Ἀδραὰμ
1488 643 1782 712 μελλούσης

224 737 323 804 τῆς
370 736 580 802 φύσεως
635 737 1062 807 καταφύρεσθαι,
1110 736 1216 786 ἔδει
1263 733 1355 785 ἀπ’
1399 730 1649 797 Ἀϐραὰμ
1695 727 1782 780 διὰ

226 827 516 894 σφραγῖδος
546 827 620 894 τῷ
650 828 858 898 κτίστῃ
890 828 1015 880 λαὸν
1047 823 1419 893 ἀφορίζεσθαι,
1456 823 1647 890 μέχρις
1681 818 1778 868 αὑ-

221 917 316 968 τοῦ
359 917 674 986 παρουσίας,
710 913 777 989 ἦς
815 919 1022 986 ἀνάγκη
1064 916 1198 985 πρὸς
1235 911 1624 980 ἀνακαινισμδν
1657 909 1780 974 δεη-

222 1009 380 1078 θῆναι
405 1009 496 1061 τὸν
521 1009 823 1078 ἄνθρωπον.
858 1009 919 1060 Ἢ
947 1006 1212 1076 περιτομὴ
1241 1005 1555 1070 περίττωμα
1583 997 1780 1067 σαρκὸς

217 1100 534 1158 emam“.
568 1101 663 1152 καὶ
692 1100 871 1152 δίδωσι
902 1097 1174 1168 σφραγῖδα
1203 1094 1450 1161 ὀγδοάδος
1477 1092 1574 1159 τῆς
1605 1091 1682 1151 εἰς
1713 1087 1779 1139 τὰ

221 1189 504 1256 μέλλοντα.
537 1190 599 1242 'H
630 1190 899 1260 περιτομὴ
928 1189 1102 1259 δηλοῖ,
1135 1187 1215 1238 ὅτι
1248 1181 1482 1254 Χριστοῦ
1513 1177 1780 1250 παρουσία

216 1279 422 1348 ταύτην
447 1279 769 1344 ἀπωθεῖται,
799 1280 891 1331 καὶ
907 1279 1004 1348 τὴν
1029 1277 1117 1329 διὰ
1145 1275 1457 1342 Πνεύματος
1485 1270 1781 1337 ἁναγέννη-

218 1385 306 1420 σιν
334 1367 512 1422 δώσει.
539 1369 1069 1438 Διέίδωλολατρείαν
1097 1368 1129 1437 ἡ
1158 1368 1255 1434 τῆς
1286 1361 1585 1434 περιτομῆς
1612 1377 1780 1427 σφρα-

214 1460 308 1524 γὶς
343 1458 477 1526 πρὸς
510 1457 786 1526 διορισμὸν
816 1457 946 1508 λαοῦ
982 1455 1125 1507 θείου
1161 1454 1390 1514 δίδοται,
1416 1453 1510 1503 καὶ
1543 1451 1606 1501 δι’
1629 1450 1780 1501 είδω‹

122 1536 129 1541 ’
213 1549 479 1618 λομανίας
504 1549 798 1602 κατάλυσιν
823 1550 983 1601 πάλιν
1011 1549 1303 1600 πέπαυται.
1331 1545 1411 1596 Τὰ
1441 1541 1642 1596 παλαιὰ
1669 1543 1779 1603 τοῖς

214 1639 360 1699 νέοις
404 1639 690 1708 σύμϐολον.
718 1639 939 1706 Ὄγδοος
983 1639 1090 1707 γὰρ
1131 1637 1237 1689 ἀπὸ
1273 1636 1441 1705 ’Δδὰμ
1482 1635 1510 1686 ὁ
1547 1633 1779 1703 Χριστὸς

211 1728 528 1796 νομοθέτης.
562 1729 779 1797 Ἐπειδὴ
807 1728 976 1796 Ἀδὰμ
1008 1727 1167 1789 αὐτὸς
1196 1727 1356 1796 νόμον
1387 1725 1600 1790 ἐδέξατο
1631 1723 1779 1792 πρῶ-

834 356 916 415 IN
952 354 1600 417 CIRCUMCISIONEM
1643 355 1914 414 DOMINI
1967 355 2059 411 ΕΤ
2102 355 2180 414 IN
2210 357 2269 415 S.
2308 355 2672 415 BASILIUM

709 470 846 538 μετὰ
909 470 1010 534 τῆς
1063 470 1321 536 πρότερον
1362 467 1672 534 ὀνομασέας,
1730 469 1794 535 τῇ
1826 473 1870 528 Α
1900 469 1994 528 cit,
2030 477 2217 521 octava
2277 476 2382 536 perl

1767 469 1794 535 ᾗ
1826 473 1870 528 Α
1900 469 1994 528 cit,
2030 477 2217 521 octava
2277 468 2686 536 perfectionem.
2751 468 3209 524 Circumcisionis
3249 469 3440 537 religio

3341 355 3440 416 922

1884 559 2193 611 introducta
2245 568 2327 612 est
2353 574 2476 612 cum
2541 561 2714 628 prima
2773 561 3009 614 nominis
3068 560 3436 625 impositione,

1883 657 2070 700 octava
2110 649 2196 702 die
2243 649 2436 702 infami
2491 648 2712 703 indicta.
2779 648 2887 702 Nec
2943 650 3242 702 immerito.
3306 645 3437 698 Nam

1880 738 2005 805 quia
2041 738 2282 791 futurum
2332 748 2450 792 erat
2485 745 2543 791 ut
2576 753 2604 790 a
2638 739 2980 807 temporibus
3031 737 3224 790 Tharte
3260 738 3439 804 patris

1879 829 2132 892 Abrahae,
2161 845 2332 897 genus
2387 830 2683 883 humanum
2741 830 2902 881 idolis
2937 830 3436 886 contaminaretur,

1879 919 2062 972 debuit
2129 920 2196 972 ab
2266 920 2384 987 ipso
2457 920 2725 972 Abraham
2808 919 2922 986 (9U)
2987 919 3218 986 populus
3277 917 3439 970 Crea—

1878 1011 1984 1064 tori
2024 1012 2311 1080 peculiaris
2343 1025 2437 1080 per
2459 1011 2724 1078 ejusmodi
2758 1011 3093 1079 signaculum
3151 1009 3214 1061 ad
3265 1025 3439 1076 usque

1879 1101 2000 1168 ejus
2026 1101 2335 1163 adventum,
2391 1117 2549 1169 quem
2588 1101 2749 1154 homo
2783 1100 3157 1155 necessarium
3216 1099 3438 1150 haberet

1879 1189 1946 1244 ad
1978 1191 2059 1244 sui
2097 1190 2574 1251 instaurationem,
2632 1189 2866 1242 secerni.
2926 1188 3284 1240 Circumcisio
3311 1203 3435 1239 car-

1879 1280 1965 1332 nis
1995 1279 2325 1349 superﬂuum
2371 1287 2618 1348 amputat
2664 1295 2725 1331 ac
2783 1279 2974 1331 futurae
3036 1279 3088 1330 in
3155 1287 3433 1344 posterum

1879 1376 2082 1420 octavae
2107 1368 2444 1437 signaculum
2479 1369 2693 1422 tribuit.
2747 1368 3111 1422 Circutncisio
3140 1367 3341 1420 Christi
3377 1383 3435 1420 se

1880 1457 2114 1511 adventu
2178 1459 2629 1521 submovendam,
2689 1461 3275 1528 regenerationemque
3340 1474 3436 1525 per

1879 1545 2142 1614 Spiritum
2171 1549 2571 1602 concedendam
2605 1549 2865 1602 ostendit.
2932 1549 3095 1600 Datur
3134 1548 3435 1600 Circumci-

1881 1640 2052 1694 sionis
2103 1640 2449 1708 signaculum
2477 1648 2696 1710 propter
2729 1639 3098 1692 idololatriatn
3125 1639 3188 1690 ad
3226 1639 3436 1691 discre-

1880 1729 2080 1783 tionem
2139 1731 2320 1800 populi
2373 1729 2486 1793 Dei,
2533 1746 2866 1797 rursumque
2926 1729 2990 1781 ad
3019 1730 3287 1782 idolorum
3341 1727 3436 1781 de-

209 1792 305 1877 τος
330 1834 343 1847 ·
384 1792 476 1869 καί
514 1819 635 1870 Νῶε
677 1792 966 1887 δεύτερος-ο
1006 1819 1098 1869 καὶ
1125 1792 1376 1886 Ἀϐραὰμ
1413 1816 1595 1885 τρίτος
1627 1829 1642 1846 ⁸
1683 1813 1776 1866 καὶ
1812 1792 1849 1846 Β
1879 1842 1882 1872 ε

1759 1792 2224 1875 instruendum
2261 1820 2514 1872 insanum
2590 1820 2819 1881 cultum,
2895 1818 3082 1870 eadem
3167 1817 3432 1870 aboletur.

210 1909 452 1976 Μωῦσῆς
477 1909 732 1978 τέταρτος
751 1926 764 1939 ο
790 1909 884 1962 καὶ
908 1908 1071 1961 Δαδὶδ
1089 1909 1165 1970 ei;
1191 1908 1290 1970 τὰς
1315 1908 1442 1977 περὶ
1463 1910 1481 1928 ⁴
1502 1905 1775 1960 Βασιλέων

207 2003 302 2052 καὶ
333 2002 725 2070 Σκηνοπηγίων
777 1999 1119 2067 δοξολογίας,
1166 2000 1415 2064 πέμπτος
1456 1999 1771 2067 νομοθέτης.

209 2093 320 2144 Καὶ
342 2091 573 2162 Ἔσδρας
606 2092 743 2161 μετὰ
771 2091 868 2161 τὴν
894 2085 1273 2161 αίχμαλωσίαν
1297 2091 1394 2160 τὴν
1422 2092 1486 2142 ὲκ
1517 2089 1773 2142 Βαϐυλῶ-

206 2199 323 2247 νος,
355 2181 692 2254 δευτερωτὴς
723 2182 816 2236 τοῦ
852 2182 1014 2253 νόμου
1049 2182 1143 2235 καὶ
1176 2181 1314 2235 ἐθῶν
1343 2199 1502 2234 τινων
1533 2181 1773 2250 παραδό-

203 2292 347 2344 της,
409 2273 564 2337 ἕκτος
629 2275 991 2343 ἀναφαίνεται
1019 2275 1274 2343 Ἰωάννης
1334 2274 1363 2326 ὁ
1425 2273 1768 2343 Βαπτιστὴς,

202 2365 498 2436 κηρύσσων
553 2368 834 2438 βάπτισμα
881 2367 1167 2438 μετανοίας
1207 2366 1283 2436 τῷ
1323 2366 1574 2434 λαῷ,καὶ
1620 2365 1770 2417 ὕδατι

200 2457 504 2527 καθαίρων,
534 2449 761 2528 ἕϐδομος
795 2457 1109 2525 νομοθέτης.
1141 2456 1346 2527 Ἰησοῦς
1379 2456 1639 2525 Χριστὸς.
1674 2453 1769 2522 ὅγ-

199 2547 344 2608 δοος.
396 2547 526 2618 Περὶ
573 2542 633 2600 οὗ
688 2547 924 2616 μεγάλου
970 2546 1261 2616 νομοθέτου
1310 2546 1550 2613 Μωῦσῆς
1597 2545 1763 2612 λέγει·

207 2660 225 2691 ι
273 2641 565 2711 Προφήτην
599 2640 727 2708 ὑμῖν
759 2639 1048 2706 ἀναστήσει
1089 2639 1292 2707 Κύριος
1326 2639 1353 2688 ὁ
1386 2637 1518 2698 Θεὸς
1557 2637 1622 2689 ὲκ
1657 2635 1766 2688 τῶν

195 2730 445 2798 ἀδελφῶν
482 2730 634 2798 ὑμῶν
669 2729 744 2792 ὡς
784 2729 902 2798 ἐμὲ,
941 2727 1106 2783 αὑτοῦ
1150 2727 1447 2780 ἀκούσεσθε
1471 2741 1486 2758 ⁸
1522 2729 1671 2779 πᾶσα
1709 2728 1764 2780 δὲ

192 2821 344 2891 ψυχὴ
396 2823 516 2890 ἥτις
585 2822 685 2874 οὐκ
726 2820 948 2874 ἀκούσει
995 2822 1270 2890 προφήτου
1315 2819 1544 2881 ἐκείνου,
1588 2819 1765 2882 ἐξολοο

1876 1909 2070 1965 Vetera
2119 1911 2276 1964 novis
2328 1910 2575 1979 symbolo
2641 1916 2790 1963 sunt.
2862 1907 3075 1976 Quippe
3102 1916 3331 1959 octavus
3367 1907 3435 1958 ab

1873 1999 2080 2053 Atiamo
2111 1997 2364 2053 Christus
2391 2001 2662 2068 legislator
2713 2000 2908 2067 surgit.
2939 1997 3069 2049 Nam
3104 1996 3271 2048 Adam
3320 1995 3436 2066 ipse

1874 2091 2085 2160 primus
2146 2090 2312 2160 legem
2362 2092 2576 2160 accepit
2630 2108 2644 2145 :
2700 2098 2814 2142 tum
2875 2089 2984 2143 Noe
3071 2089 3345 2140 secundus
3413 2102 3430 2138 :

1872 2182 2068 2237 tertius
2096 2196 2225 2235 vero
2265 2181 2533 2234 Abraham
2571 2200 2580 2233 :
2617 2195 2679 2233 ac
2735 2179 2943 2250 Moyses
2977 2189 3227 2248 quartus.
3261 2177 3434 2242 Quin-

1871 2279 1959 2328 tus
1988 2273 2268 2344 legislator
2321 2272 2508 2335 David,
2571 2272 2717 2341 quod
2749 2280 2959 2341 spectat
3019 2271 3084 2324 ad
3143 2271 3351 2342 Regum
3379 2281 3434 2323 et

1872 2365 2330 2434 Scenopegiarum
2397 2364 2738 2419 laudationes
2816 2363 2953 2432 (9i).
3009 2363 3232 2426 Estlras,
3309 2373 3433 2430 post

1868 2454 2257 2523 Babylonicam
2297 2454 2690 2523 captivitatem,
2742 2451 2981 2506 secundo
3011 2451 3207 2504 ordine.
3257 2451 3429 2518 legem

1869 2560 2154 2612 moresque
2182 2545 2477 2600 nonnullos
2502 2544 2744 2612 tradens,
2773 2554 2955 2601 sextus
2985 2543 3150 2599 venit.
3197 2539 3432 2600 Joannes

1868 2633 2109 2703 Baptista
2161 2636 2469 2702 pradicans
2522 2637 2732 2707 popuio'
2799 2638 3131 2706 baptismum
3165 2638 3432 2704 pmniteno

1868 2724 1974 2785 tiae,
2011 2734 2061 2777 et
2093 2739 2234 2792 aqua
2267 2727 2562 2789 mundans,
2597 2729 2867 2795 septimus
2914 2730 3092 2796 palam
3151 2729 3432 2796 legislator

1865 2818 2189 2871 ostenditur.
2204 2817 2363 2874 Iesus
2377 2820 2630 2874 Christus
2655 2829 2900 2874 octavus.
2922 2820 2995 2874 De
3012 2837 3118 2889 quo
3138 2836 3334 2889 magno
3357 2821 3433 2872 Ie-

194 2913 574 2980 ορευθήσεται.
624 2930 642 2963 ι
684 2911 914 2972 Δυνατδς
959 2910 1116 2979 μόνος
1155 2909 1250 2973 ὢν,
1296 2911 1388 2962 καὶ
1431 2911 1498 2963 τὰ
1539 2905 1606 2962 δι’
1634 2909 1762 2978 ἐμοῦ
1863 2930 1867 2973 ι

1759 2911 1762 2954 i
1863 2909 2121 2978 gislatore
2166 2913 2274 2981 (92)
2310 2913 2386 2965 ait
2432 2912 2645 2983 Moyses
2677 2932 2689 2965 :
2720 2932 2739 2964 ι
2768 2911 3096 2980 Prophetam
3146 2911 3432 2964 suscitabit

191 3001 624 3072 νομοθετηθέντα
658 3003 787 3071 παρ’
809 3001 970 3054 αὑτοῦ
1003 3001 1261 3072 πληροῦν,
1293 3002 1488 3054 πολλοῦ
1520 3002 1762 3069 πνεύμα-

1756 3031 1762 3041 ι
1867 3002 2024 3056 vobis
2066 3001 2328 3058 Dominus
2362 3002 2504 3058 Deus
2527 3005 2594 3059 de
2631 3003 2895 3058 fratribus
2930 3006 3128 3058 vestris
3152 3006 3429 3066 sicutmc;

190 3109 289 3154 τος
323 3092 690 3162 πλησθήσεται
722 3094 992 3163 χρισθεὶς,
1025 3095 1118 3146 καὶ
1147 3093 1494 3162 νομοθετήσει
1528 3086 1615 3143 οἵα
1648 3091 1762 3143 Κύ-
1790 3121 1830 3178 C

1756 3120 1830 3178 vc
1869 3091 2046 3160 ipsmn
2098 3093 2354 3148 audietis.
2399 3093 2592 3148 Omnis
2642 3106 2824 3150 autem
2878 3096 3061 3149 anima
3123 3112 3244 3165 quze
3321 3112 3429 3149 non

193 3201 313 3254 ριος
352 3184 442 3236 καὶ
479 3185 847 3254 Δημιουργὸς,
887 3188 935 3239 εί
975 3187 1068 3238 καὶ
1110 3186 1166 3251 ἐξ
1206 3183 1380 3253 ὑμῶν,
1421 3183 1542 3235 θεῖά
1578 3200 1634 3238 τε
1673 3184 1765 3236 καὶ

1758 3223 1765 3236 .
1868 3184 2102 3238 audierit
2136 3185 2453 3255 prophetam
2485 3185 3136 3254 illum,extcrminabitur
3169 3197 3245 3242 ².ι
3271 3189 3317 3242 is
3338 3205 3431 3243 so-

269 3306 293 3334 ι
329 3297 652 3381 ίιειιιᾳνιιι,
690 3294 872 3355 15.Ι9.

265 3411 329 3483 (⁶)
397 3414 557 3470 Refer
590 3413 656 3468 ad
721 3412 866 3471 Psal.
896 3425 1009 3484 LIV,
1038 3408 1471 3475 i.etalearal.
1498 3424 1682 3486 xvt;ct
1717 3415 1759 3469 ll
1800 3417 1978 3471 Par-ai.
2016 3433 2110 3484 vn,
2139 3419 2202 3485 6;
2235 3427 2288 3475 et
2309 3437 2424 3489 vni,
2466 3422 2550 3477 ﬂ.

1477 3533 1862 3589 COMBEFISII
1896 3535 2127 3592 NOTzE.

261 3654 372 3725 (90)
412 3653 594 3726 Debuit
620 3654 684 3708 ab
715 3656 826 3718 ipso
850 3656 1136 3718 Abraham,
1174 3665 1280 3711 etc.
1321 3654 1470 3709 lianc
1499 3671 1598 3722 ego
1624 3665 1746 3722 post
1852 3665 1906 3712 et
1939 3657 2129 3712 innec.
2188 3658 2276 3721 Ill,
2308 3676 2431 3715 cum
2485 3659 2706 3716 Patrum
2759 3663 2990 3716 aliorum
3033 3663 3323 3726 sententia,
3367 3674 3426 3716 ut

182 3725 474 3805 Citrystist.
502 3725 751 3805 humum
782 3729 832 3778 in
855 3726 981 3805 (ξεη.
1003 3729 1236 3805 aliisque
1271 3727 1746 3805 |ocis,_t_naxitnatn

1857 3742 2084 3797 magnus
2108 3737 2190 3782 est
2215 3731 2267 3783 in
2293 3731 2652 3785 conciliandis
2697 3731 2950 3786 Patribus
2974 3749 3127 3786 meus
3151 3731 3389 3785 Thomas
3413 3776 3427 3796 ,

182 3810 250 3867 ac
281 3796 535 3867 pri_mam,
569 3810 631 3867 ac
658 3794 769 3867 fere
797 3797 1039 3867 unicam,
1065 3799 1330 3867 rationem
1369 3796 1607 3848 arbitror
1631 3796 1749 3849 lata:
1853 3794 2134 3850 conciliari
2157 3810 2333 3867 potest
2359 3818 2373 3853 :
2397 3801 2582 3854 dando
2599 3809 2772 3856 totum
2802 3817 2863 3853 ac
2895 3802 3051 3866 nihil,
3078 3794 3428 3857 sacramento

183 3865 325 3932 legis
346 3863 834 3930 Circumcisionis;
867 3866 1004 3918 adeo
1036 3875 1178 3920 utea
1214 3867 1265 3918 in
1290 3866 1504 3918 deserto
1527 3880 1749 3919 cessan-

182 3942 260 3994 te,
292 3948 352 3986 ac
403 3933 492 3985 Dei
530 3935 731 4002 populo
765 3936 877 4002 ipsa
909 3935 1108 3988 deserti
1143 3951 1293 3987 mora
1327 3951 1353 3986 a
1398 3935 1621 4002 reliquis
1655 3950 1750 4002 po-

178 4002 329 4070 pulis
352 4003 767 4072 satisdiscreto,
788 4005 936 4056 nulla
971 4006 1127 4072 culpa
1161 4003 1556 4065 lsraelitarum,
1585 4004 1755 4056 inter-

179 4072 355 4124 missa
383 4073 457 4122 sit
478 4071 547 4124 ιο
575 4075 754 4126 annis.
795 4072 952 4139 Quod
981 4071 1125 4126 enim
1159 4075 1428 4126 incertum
1454 4083 1599 4126 esset
1626 4088 1754 4140 pro-

179 4140 449 4193 fectionis
472 4149 707 4209 tempus,
733 4143 879 4196 haud
909 4146 1048 4198 satis
1071 4150 1396 4197 excusasset
1421 4182 1436 4206 ,
1469 4156 1598 4194 cum
1631 4158 1754 4210 pos-

178 4217 305 4263 sent
337 4210 653 4264 circumcisi
685 4214 861 4279 pueri,
920 4214 1266 4265 molliuscule
1322 4227 1386 4265 ac
1440 4212 1593 4264 nullo
1633 4209 1753 4266 fere

178 4279 421 4345 graviori
479 4281 750 4344 periculo,
806 4281 859 4335 in
895 4282 1160 4350 plaustris
1203 4279 1431 4336 deferri.
1467 4280 1577 4334 Nec
1607 4281 1752 4333 enim

180 4355 337 4401 tanta
366 4350 547 4403 omnis
587 4352 800 4416 generis
836 4352 1125 4405 hominum
1159 4365 1531 4418 pecorumque
1561 4350 1754 4404 multi-

183 4418 314 4470 tudo
349 4425 456 4490 tam
496 4420 804 4490 maturabat
825 4421 1318 4490 iter;quam.iacob
1344 4420 1752 4490 excusationem

180 4487 494 4553 pratendit,
518 4496 577 4541 ut
608 4505 672 4542 ne
705 4489 859 4542 fratri
887 4487 1026 4544 Esau
1056 4505 1241 4545 comes
1270 4491 1580 4545 accederet.
1614 4489 1748 4543 Gen.

183 4571 387 4630 nam.
412 4555 814 4630 Dndesanctus
842 4559 1054 4622 doctor,
1093 4574 1152 4614 ιιι
1187 4575 1241 4627 p.
1277 4576 1332 4626 q.
1364 4559 1450 4624 70,
1479 4559 1617 4630 c.7167,
1644 4573 1758 4630 non.

178 4627 416 4692 quiescit
468 4626 522 4679 in
572 4627 660 4680 illa
697 4631 930 4695 ratione,
963 4632 1110 4682 velttt
1161 4626 1387 4682 omnino
1437 4626 1752 4692 sufﬁcienti,

178 4695 273 4747 SPd
306 4696 445 4748 hanc
484 4699 670 4749 statim
716 4715 816 4752 ceu
850 4715 916 4752 ex
947 4699 1196 4752 Damasc.
1225 4700 1320 4753 Iih.
1356 4715 1407 4752 tv
1459 4697 1614 4751 Fidei
1652 4700 1753 4752 ad-

174 4765 394 4836 jungit:
438 4763 511 4816 Ita
548 4782 681 4835 ergo
711 4768 999 4836 Chrysost.
1056 4768 1200 4821 hom.
1245 4769 1336 4821 illa
1375 4768 1446 4836 50
1481 4769 1535 4821 in
1573 4767 1698 4821 Ceu.
1732 4782 1752 4820 .'

177 4832 342 4908 Οῦδὲν
372 4833 558 4908 ἕτερον
596 4832 790 4908 έκ-τῆς
820 4832 1126 4908 ¹περιτομῆς
1159 4837 1349 4906 ὄφελος
1370 4833 1462 4908 ἦν,
1511 4839 1542 4908 ἢ
1595 4837 1754 4891 τοῦτο

178 4903 362 4976 μόνον,
396 4904 457 4976 to
488 4905 574 4976 διᾲ
604 4905 698 4976 τοῦ
736 4903 964 4972 σημείου
988 4903 1177 4959 τούτου
1203 4903 1754 4976 γνωρίμουςἀὐτοὺς

172 4969 336 5047 εἶναι,
377 4974 471 5025 καὶ
493 4975 600 5047 τῷν
631 4969 834 5047 λοιπῶν
858 4977 1024 5029 ἐθνῶν
1057 4969 1404 5047 κεχωρίσθαι.
1432 4977 1565 5042 Quae
1596 4977 1747 5047 plura

174 5044 247 5095 ibi
296 5044 669 5116 prosequitur.
713 5045 989 5100 Videndus
1020 5044 1219 5100 Athau'.
1274 5049 1326 5100 in
1360 5044 1612 5116 Synopsi.
1646 5045 1750 5116 Qui

107 5124 110 5127 ·
173 5127 306 5184 vero
337 5112 652 5184 haberetad
681 5126 961 5180 peccatum
994 5117 1283 5184 originale.
1323 5112 1461 5170 bene
1510 5112 1651 5171 idem
1687 5115 1745 5168 Ι).

172 5182 277 5255 Tit.
309 5194 503 5250 quiest.
533 5183 618 5255 illa
652 5184 741 5251 70,
773 5187 943 5239 Solam
999 5182 1136 5255 signi
1179 5189 1442 5240 rationem
1477 5187 1748 5251 tribuens,

169 5251 405 5319 ejusque
432 5253 810 5309 remissionem
836 5251 1121 5311 ascribeits
1153 5257 1255 5309 soli
1289 5257 1433 5319 tidei,
1465 5257 1625 5323 cujus
1659 5256 1750 5314 illa

170 5323 519 5389 signaculum
551 5335 697 5378 esset
731 5342 742 5377 :
780 5333 839 5378 ιιι
892 5325 957 5378 ad
990 5341 1264 5380 summum
1305 5333 1450 5382 esset
1485 5327 1746 5388 conditio,

167 5393 293 5461 sine
313 5406 419 5460 qua
435 5390 595 5447 Deus
630 5394 684 5447 in
719 5393 925 5448 familia
959 5396 1205 5461 Ahrahte,
1236 5403 1289 5449 et
1323 5396 1602 5460 lsraelitis,
1628 5411 1752 5461 βίη-τ

169 5460 321 5515 vulis
340 5463 435 5530 qui
459 5473 677 5530 possent
703 5465 1043 5529 circumcidi,
1072 5466 1177 5519 nisi
1194 5460 1746 5528 ’circumcidereutur,

165 5546 238 5584 ac
279 5529 367 5611 sic
413 5529 574 5611 fidem
627 5533 1016 5604 proﬁterentur
1046 5537 1204 5611 cujus
1263 5537 1352 5588 illa
1403 5537 1747 5606 signaculum

163 5607 344 5673 esset,
372 5607 514 5670 orig.
555 5613 839 5671 peccatum
891 5621 996 5659 non
1032 5608 1330 5660 remitteret
1360 5625 1374 5673 ;
1405 5613 1749 5661 sacramento

167 5670 683 5750 legis_ttat.ttr:ejattt
721 5675 824 5728 illis
856 5676 1248 5750 inutili,_veiut
1277 5670 1390 5750 in:
1415 5691 1629 5750 pqznam
1665 5679 1748 5750 in;

166 5741 493 5816 pbediemiaa
524 5738 1122 5826 parentutn,quont0do
1163 5738 1430 5803 sententia
1453 5738 1747 5818 Augustini
1797 5749 1804 5755 ’

1854 3867 1932 3920 illi
1971 3867 2024 3919 in
2049 3867 2320 3936 ejusmodi
2370 3871 2609 3935 negotio.
2662 3871 2757 3926 sed
2786 3873 2889 3924 alia
2937 3881 2991 3926 et
3039 3872 3141 3922 alia
3174 3873 3428 3924 ratione:

1854 3951 1958 4057 qua
1993 3938 2059 3989 de
2091 3954 2148 3990 re
2179 3939 2288 3992 illic
2321 3940 2661 4003 scholastici,
2689 3941 2844 3994 nobis
2888 3943 2997 3995 ha:e
3021 3941 3217 4004 obiter,
3263 3950 3314 3993 et
3367 3944 3431 3993 ad

1911 4006 2088 4057 mireas
2110 4008 2348 4057 aliquam
2385 4010 2832 4057 elucidationmn.

1911 4006 2088 4060 mirea:
2110 4008 2348 4072 aliquam
2385 4010 2832 4063 elucidationem.
3060 4060 3071 4070 ,

1929 4074 2040 4142 (91)
2076 4076 2156 4136 Ad
2205 4076 2396 4145 Regum
2465 4089 2513 4132 et
2569 4078 3011 4146 Sccnopcgiarum
3070 4078 3428 4130 laudationes.

1858 4144 2208 4216 Expiicamus
2238 4144 2542 4214 interjectis
2571 4144 2754 4202 verbis
2781 4144 3092 4215 :‘Profanas
3125 4163 3430 4216 sacrasque.

1857 4211 2007 4285 Nihil
2030 4216 2175 4285 enim
2214 4217 2362 4270 aliud
2380 4211 2602 4271 videtur
2623 4220 2762 4272 velle
2788 4211 3058 4278 Andreas,
3092 4232 3254 4285 quam
3280 4211 3428 4269 com-

1856 4284 2108 4354 posuisse
2152 4283 2407 4341 Davidem
2476 4289 2764 4354 utriusque
2823 4289 3039 4354 generis
3091 4283 3329 4343 cantica.
3369 4301 3434 4339 ac

1855 4353 2003 4407 velut
2038 4354 2152 4427 iege
2178 4355 2471 4427 tradidisse
2505 4353 2903 4427 frequentanda
2933 4374 2946 4409 :
2980 4358 3044 4410 de
3071 4358 3248 4411 sacris
3273 4357 3434 4408 habe-

1857 4438 1979 4477 mus
2028 4425 2172 4477 clare
2207 4424 2250 4477 ll
2292 4424 2470 4479 Paral.
2510 4424 2613 4487 vn.
2641 4426 2713 4481 6:
2771 4425 3080 4480 Sacerdotes
3115 4435 3287 4479 autem
3319 4437 3433 4478 sta-

1857 4492 1984 4564 b_ant
2016 4494 2069 4546 in
2103 4494 2284 4562 oﬁiciis
2332 4497 2443 4550 suis
2476 4513 2493 4551 :
2529 4496 2723 4550 Levita:
2771 4497 2826 4548 in
2874 4497 3088 4564 organis
3139 4495 3431 4564 carminum

1855 4561 2070 4615 Domini
2101 4561 2217 4632 qua:
2256 4565 2378 4632 fecit
2433 4566 2603 4620 David
2637 4582 2729 4620 rex
2775 4565 2843 4617 ad
2884 4561 3212 4617 laudandum
3246 4563 3432 4617 Dami-

1856 4648 1980 4684 num
2009 4649 2027 4697 ;
2053 4633 2371 4700 clariusque
2400 4650 2516 4700 vtn,
2545 4637 2641 4690 i4:
2681 4635 2747 4688 Et
2773 4636 3047 4689 constituit
3067 4637 3228 4703 juxta
3252 4635 3433 4700 dispo-

1855 4703 2099 4774 sitionem
2131 4703 2298 4756 David
2323 4706 2492 4771 patris
2523 4707 2605 4759 sui
2627 4708 2795 4774 oﬂicia
2824 4705 3156 4758 sacerdotum
3192 4707 3245 4757 in
3279 4707 3435 4756 mini-

1853 4773 2054 4845 ateriis.
2079 4781 2182 4828 etc.
2222 4774 2292 4828 De
2325 4777 2602 4845 profanis,
2626 4773 2680 4830 et
2703 4775 2907 4845 quibus
2944 4777 3150 4843 regium
3175 4774 3390 4828 culmen
3417 4794 3430 4838 ;

1853 4841 1932 4914 sic
1971 4843 2089 4914 viro
2117 4841 2340 4914 sancto;
2373 4847 2454 4898 vel
2489 4847 2543 4899 in
2581 4841 2743 4899 Saule
2772 4844 2884 4914 jam
2918 4841 3174 4913 reprobo,
3207 4860 3432 4898 venera-

1854 4912 1991 4986 ‘l‘l’li
2041 4912 2282 4966 habitum
2312 4917 2637 4986 ;_regiaqtte
2684 4912 2848 4977 facta,
2893 4912 3223 4984 prosecutus
3255 4917 3349 4986 psit
3379 4923 3432 4966 ι·ι

1854 4982 1976 5035 aliis
2015 4983 2392 5052 prosequenda
2445 4982 2752 5048 iradidcrit,
2787 4982 3002 5040 res'est
3043 4985 3352 5046 obscurior,
3387 4986 3431 5038 si

1853 5053 2158 5126 praesegtim
2191 5054 2296 5105 alia
2332 5056 2561 5126 velimus
2598 5072 2761 5124 quam
2803 5071 2923 5124 quae
2956 5056 3005 5108 id
3036 5056 3254 5126 generis
3292 5055 3431 5126 insi-

1855 5119 1986 5194 [ruat
2035 5119 2342 5194 Scriptura,
2395 5125 2450 5178 in
2495 5119 2726 5180 canticis
2762 5119 2869 5180 illis
2897 5119 3102 5194 quibus
3137 5124 3433 5178 deiillit'ilal

1853 5188 2095 5265 furorem
2129 5188 2350 5257 Saulis;
2406 5211 2800 5265 nonnunquam
2836 5188 2974 5250 for-te
3013 5198 3265 5248 maritata
3301 5210 3432 5249 Voce

1851 5263 2099 5337 organis,
2124 5278 2188 5337 ac
2215 5265 2411 5337 priora
2432 5263 2614 5320 Saulis
2640 5263 2788 5337 gesta
2823 5267 3048 5331 nobilia,
3077 5278 3428 5337 personante,

1851 5338 1906 5413 et
1939 5346 2057 5413 quae
2089 5333 2351 5413 habemus
2400 5334 2452 5413 in
2485 5333 2664 5413 libris'
2693 5339 3028 5406 psalmorum
3078 5333 3332 5413 ’scripta,_
3364 5338 3430 5387 de

1852 5407 2024 5474 ipsius
2051 5407 2353 5474 prasertim
2384 5407 2629 5461 victoris
2666 5423 2824 5474 :qute
2860 5415 3064 5465 tamen.
3104 5417 3159 5460 ut
3193 5407 3429 5461 maxime

1853 5469 1904 5523 in
1940 5469 2217 5530 Christum
2267 5477 2460 5539 relata,
2523 5469 2756 5533 maxime
2789 5494 2943 5534 sacra
2998 5487 3146 5535 sunt.
3185 5487 3237 5530 et
3266 5493 3430 5531 sacro

1851 5541 2212 5624 usui',_divit_ia
2241 5545 2294 5599 in
2342 5549 2423 5601 eis
2467 5549 2706 5615 laudata,
2739 5565 2846 5620 qua
2881 5549 3281 5614 ιιιίεοτίουιιιιιι,
3323 5564 3427 5617 qua

1847 5621 2087 5681 justitia.
2117 5622 2224 5668 etc.

1921 5682 2032 5749 (92)
2077 5683 2150 5737 De
2183 5703 2283 5753 quo
2322 5703 2508 5756 magno
2535 5689 2850 5758 legislatore.
2879 5688 3288 5745 Fortnalissime
3314 5693 3419 5744 An.

1853 5752 2015 5813 dicas
2044 5774 2055 5810 :
2094 5767 2152 5818 ut
2183 5752 2330 5812 enim
2359 5752 2637 5830 legis-lator
2662 5803 2675 5829 ,
2708 5772 2760 5818 et
2795 5763 2846 5815 in
2893 5763 3010 5833 ipsa
3050 5763 3416 5835 It-gislatione.
