4236 6440
164 387 271 450 9ἳὸ

868 383 947 442 IX
983 383 1647 444 CIRCUMCISIONEM
1690 382 1966 442 DOMIN‘I
2006 382 2099 441 ET
2132 380 2214 440 IN
2258 380 2317 439 S.
2355 375 2749 438 BASILIUM.

3319 363 3424 433 928

167 498 275 550 Και
319 494 373 550 τί
416 495 481 548 ἂν
523 494 703 557 πάσας
748 494 1170 564 ἁπαριθμοίμην
1207 493 1308 558 τὰς
1353 495 1748 565 προσηγορίας,

1855 493 2167 563 appellabo,
2227 492 2509 560 totiusque
2546 485 2883 558 [Egyptiacm
2911 496 2977 537 ac
3024 480 3274 534 adversa
3310 478 3431 531 vir-

170 584 295 648 ὅσας
325 586 358 655 ἡ
389 584 556 655 ἀρετή
589 600 671 636 σοι
702 583 1004 653 πεποίηκε,
1039 582 1174 654 ἄλλη
1207 600 1290 644 τις
1321 582 1487 652 ἄλλην
1515 582 1750 637 οἰκειοῦ-

167 677 264 730 σάν
294 693 352 729 τε
388 676 480 730 καὶ
512 676 929 745 προσάγουσαν;
966 675 1113 746 Πλὴν
1146 675 1282 745 ἡγοῦ
1304 718 1317 742 ,
1357 694 1375 725 ι
1416 675 1710 729 κατευοδοῦ
1731 717 1746 740 ,

165 772 259 823 καὶ
302 769 575 841 βασίλευε,
620 789 639 821 ι
678 770 773 824 καὶ
818 769 1077 839 ποίμαινε
1120 771 1303 840 ἡμᾶς·
1344 762 1405 822 οὗ
1450 772 1555 832 πᾶς
1598 770 1749 840 ἥκων

165 861 270 913 ὑπὸ
303 860 402 924 τὰς
440 861 719 930 πτέρυγας
753 861 1119 924 ἀναπαύεται,
1153 859 1247 914 καὶ
1278 855 1340 915 οὗ
1373 859 1616 929 διψῶμεν
1650 862 1748 930 τῆς

165 952 371 1023 φωνῆς,
414 952 614 1022 μᾶλλον
649 953 681 1023 ἢ
722 952 907 1022 πηγῆς
946 953 1046 1022 τῆς
1087 953 1483 1023 καθαρωτάτης
1520 954 1568 1005 οί
1608 953 1749 1022 δίψει

162 1047 483 1117 κάμνοντες,
514 1040 559 1099 ὦ
598 1045 718 1098 θεία
761 1046 856 1099 καὶ
905 1046 1025 1118 ίερὰ
1070 1045 1326 1114 κεφαλήί
1370 1044 1473 1097 Τὸν
1505 1045 1596 1096 ἐπὶ
1640 1044 1747 1097 τῶν

162 1138 361 1209 χειρῶν
394 1140 599 1210 Κυρίου
635 1138 1122 1210 ὲζωγραφημένον,
1156 1138 1246 1191 τὸν
1278 1136 1487 1205 ἄζυγα,
1522 1136 1613 1190 τὸν
1645 1137 1747 1189 ἀκ-

161 1231 227 1301 τή
238 1248 396 1299 μονα,
425 1231 515 1283 τὸν
542 1231 805 1301 ἄσαρκον,
835 1228 1035 1302 μικροῦ
1066 1229 1169 1292 δεῖ,
1196 1229 1290 1281 καὶ
1319 1228 1588 1297 ἀναίμονα
1613 1244 1625 1258 ·
1656 1226 1746 1279 τὸν

160 1324 218 1374 ὲν
246 1322 427 1391 λόγοις
461 1324 600 1393 μετὰ
634 1323 725 1376 τὸν
752 1322 914 1391 λόγον
940 1337 955 1353 °
986 1322 1077 1374 τὸν
1111 1322 1167 1374 ὲν
1196 1319 1509 1387 φιλοσόφοις
1543 1318 1707 1387 σοφὸν
1728 1355 1758 1395 ,κ

158 1415 253 1466 τὸν
285 1415 341 1465 ἐν
372 1416 661 1485 κοσμικοίς
693 1413 1085 1484 ὑπερκόσμιον.
1112 1411 1392 1463 Σιωπίται
1421 1408 1490 1462 τὰ
1524 1407 1744 1469 παλαιὰ,

158 1507 260 1559 ὅσα
306 1506 448 1566 τινες
488 1507 600 1568 τοῖς
648 1504 813 1567 θείοις
842 1503 1039 1571 Λόγοις
1085 1502 1389 1572 ὲνίδρυσαν.
1436 1502 1637 1554 Βοᾶται
1680 1499 1748 1552 τὰ

159 1597 257 1649 νὲα
277 1611 290 1624 ·
324 1598 417 1649 καὶ⁵
444 1590 598 1660 οὗτος
624 1595 843 1666 ἄριστος
870 1596 1001 1666 ἡμῖν
1026 1595 1083 1646 ἐν
1108 1593 1309 1663 λόγοις,
1335 1593 1395 1655 ὃς
1420 1592 1485 1645 ἂν
1508 1591 1576 1645 τὰ
1602 1591 1746 1644 ὲκεί-

158 1702 252 1738 νου
305 1686 545 1755 μάλιστα
585 1686 844 1757 τυγχάνει
888 1684 1194 1754 γινώσκων,
1233 1686 1327 1738 καὶ
1364 1683 1452 1737 διὰ
1495 1682 1747 1753 γλώσσης

158 1776 364 1843 φέρων,
389 1780 481 1830 καὶ
509 1778 800 1841 συνετίζων
821 1776 920 1840 τὰς
946 1777 1136 1839 ἀκοάς.
1156 1777 1361 1845 Ἤρεσε
1385 1776 1492 1846 γὰρ
1519 1769 1597 1839 εἷς
1625 1774 1746 1827 ἀντὶ

1853 586 1989 640 tutis
2023 605 2034 637 :
2068 585 2383 638 columnam
2421 585 2575 646 item,
2610 588 2665 635 et
2706 581 3110 631 lirmamentum
3141 570 3430 635 Ecclesizr,

1851 690 2013 747 atque
2045 677 2387 730 voluntatem
2430 670 2675 733 Domini,
2712 669 3096 736 luminareque
3119 666 3188 747 _in
3222 662 3433 717 mundo

1849 740 1997 840 quod
2048 769 2337 824 contineat
2388 772 2555 834 atque
2599 761 2858 833 pra-ferat
2903 740 3320 818 verbum'vitse,
3364 766 3431 808 ac

1848 861 1974 915 lidei
2032 859 2297 921 fulcrum,
2362 863 2416 911 et
2477 854 2774 924 hospitium
2830 849 3095 921 Spiritus.
3152 846 3428 912 Quorsum

1848 969 1978 1007 vero
2030 966 2221 1006 oumes
2250 950 2462 1004 titulos
2512 958 2833 1001 recenseam
2881 955 3024 1011 quos
3071 936 3171 991 tibi
3228 937 3427 1000 virtus,

1849 1044 1957 1096 alio
1984 1043 2150 1096 alium
2185 1040 2520 1093 conciliante
2554 1050 2618 1089 ac
2665 1031 2982 1091 inducente.
3028 1025 3269 1097 adjecit?
3312 1024 3431 1080 Ca:-

1847 1143 2024 1191 terum
2083 1134 2238 1204 prmi,
2298 1152 2316 1182 ι
2355 1143 2620 1200 prospere
2670 1124 2923 1196 procede,
2956 1129 3011 1175 et
3058 1133 3271 1186 regna:
3311 1124 3429 1169 s-tu

1848 1242 1947 1281 nos
1988 1240 2175 1296 pasce,
2223 1224 2325 1279 sub
2354 1224 2514 1291 cujus
2557 1213 2682 1271 alis'
2718 1214 3017 1286 requiescit
3045 1210 3298 1281 quisquis
3337 1223 3430 1261 ac-

1847 1318 2026 1384 cedit;
2079 1327 2134 1372 et
2185 1316 2344 1384 cujus
2393 1313 2498 1383 ipsi
2557 1326 2767 1372 vocem,
2803 1308 2897 1379 qui
2940 1306 3033 1361 siti
3084 1305 3426 1366 laboramus,

1844 1422 2015 1477 supra
2051 1405 2221 1459 fontis
2272 1402 2698 1474 limpidissimas
2722 1414 2897 1468 aquas
2930 1397 3173 1453 sitimus.
3206 1395 3249 1447 0
3281 1393 3428 1447 divi-

1848 1514 1979 1553 num
2014 1512 2348 1567 sacrumque
2388 1496 2584 1564 caput!
2636 1492 2824 1547 Dicam
2857 1490 3134 1560 depictum
3170 1487 3224 1540 in
3256 1485 3432 1539 mani-

1846 1590 1951 1644 bus
1984 1589 2226 1652 Domini,
2287 1588 2557 1648 caelibem,
2613 1588 2875 1655 inopem;
2935 1596 3126 1651 parum
3168 1578 3323 1631 abest
3370 1582 3429 1629 ut

1846 1696 1916 1735 ne
1947 1682 2133 1735 carnis
2190 1690 2471 1748 expertem
2540 1676 2655 1748 (95)
2686 1683 2740 1731 et
2793 1672 3103 1742 sanguinis.
3136 1669 3240 1735 Qui
3286 1667 3424 1723 scri-

1850 1775 1956 1844 ptis
2012 1774 2346 1842 eloquioque
2397 1771 2689 1841 proximus
2719 1768 2787 1822 ab
2833 1766 3122 1835 Scriptura
3152 1770 3206 1818 et
3237 1755 3428 1817 divino

156 1870 377 1919 πάντων
401 1873 513 1932 τοῖς
546 1869 984 1939 σπουδαιοτέροις
1021 1870 1101 1932 είς
1130 1869 1434 1931 παίδευσιν,
1460 1861 1504 1936 ᾧ
1532 1868 1599 1921 τὰ
1623 1867 1741 1920 δευο

1851 1867 2065 1937 eloquio
2126 1868 2243 1933 sis;
2306 1865 2615 1934 sapientem
2669 1862 2814 1916 inter
2846 1876 2943 1916 eos
2990 1858 3080 1928 qui
3116 1854 3426 1927 philosophi

154 1963 342 2029 τερεία
377 1962 513 2030 μετὰ
542 1964 669 2025 τοὺς
698 1961 1034 2024 ἀποστόλους
1060 1963 1087 2015 0
1115 1962 1308 2033 χρόνος
1334 1961 1519 2014 δίδωσι
1554 1961 1737 2030 μόνον.

155 2057 455 2113 mundana.
517 2058 835 2113 Traduntur
865 2058 1091 2113 silentio
1138 2067 1347 2123 vetera,
1417 2057 1465 2112 si
1537 2064 1645 2126 qua
1712 2056 2062 2111 illustrandis
2110 2056 2418 2125 Scripturis
2474 2054 2545 2108 ab
2599 2053 2724 2107 aliis
2777 2050 2980 2119 scripta
3031 2056 3199 2112 sunt;

158 2150 441 2219 prmcouio
490 2152 865 2219 celebrantur,
918 2153 1075 2221 isque
1105 2151 1267 2207 nobis
1318 2151 1563 2221 optimus
1622 2150 1842 2206 videtur
1902 2159 1959 2205 et
2026 2152 2264 2222 scriptor
2296 2164 2352 2205 et
2434 2156 2646 2215 orator,

1848 1960 2095 2015 studium
2165 1958 2456 2031 sapientiae
2525 1956 2883 2027 proﬁtentur,
2944 1952 3229 2007 cwlestem
3280 1949 3429 2003 inter

3282 2058 3427 2098 nova

2728 2146 2775 2202 si
2820 2146 2947 2214 quis
2993 2142 3232 2197 maxime
3305 2153 3427 2208 quae

166 2256 286 2298 sunt
310 2245 428 2313 ejtts
459 2247 633 2309 novit,
662 2255 717 2300 et
747 2248 933 2318 lingua
971 2246 1583 2317 praeferuinstillatque
1650 2245 1975 2302 erudiendis
2042 2248 2293 2300 auribus.
2346 2243 2504 2300 Uuus
2553 2244 2701 2298 enim
2769 2242 2893 2295 vice
2937 2238 3205 2299 omnium,
3275 2233 3427 2287 velut

155 2337 476 2393 erudiendis
514 2338 708 2405 forma,
750 2341 895 2396 seria
927 2341 1099 2410 magis
1125 2341 1470 2401 sectantibus
1497 2340 1726 2411 placuit;
1769 2341 1858 2395 cui
1930 2340 2029 2395 uni
2083 2350 2207 2410 p03t
2256 2339 2560 2409 apostolos,
2631 2333 2906 2390 secundas
2956 2338 3144 2400 partes
3205 2334 3420 2395 tempus

156 2429 434 2482 euut-edit.

244 2520 409 2572 Ἀλλά
453 2520 627 2573 πάντα
672 2520 760 2575 διὰ
813 2520 981 2591 μέσου
1028 2522 1369 2589 καταλιπὼν),
1414 2523 1508 2576 τοῦ
1553 2523 1743 2585 τέλους

156 2613 299 2666 κατὰ
331 2615 571 2667 Μωῦσέα
601 2615 1000 2669 καὶΒασιλείου
1037 2616 1522 2687 ἐπιμνησθήσομαι
1559 2617 1741 2685 μόνον.

171 2704 377 2772 Ἀφῆκε
422 2704 523 2773 μὲν
551 2704 642 2757 τὸν
675 2704 790 2776 βίον
823 2707 1119 2779 ἑκάτερος·
1164 2707 1506 2777 μνημόσυνον
1543 2708 1600 2762 δὲ
1641 2707 1743 2777 τῆς

161 2794 297 2857 ἰδίας
327 2798 455 2865 περὶ
482 2796 582 2867 τὴν
612 2797 791 2867 σάρκα
823 2798 1084 2868 σχέσεως,
1110 2800 1172 2852 οὐ
1194 2798 1423 2870 θάτερος
1454 2800 1635 2853 αὐτῶν
1661 2800 1740 2871 τῷ

159 2885 262 2955 βίῳ
288 2886 565 2941 κατέλιπε.
591 2887 728 2941 Οὔτε
754 2889 863 2960 γὰρ
889 2889 1169 2953 Μωῦσέως
1196 2892 1363 2959 τάφος
1391 2892 1739 2963 εὑρίσκεται,

154 2974 284 3027 οὗτε
334 2972 487 3039 οὗτος
542 2979 831 3049 ’περιουσίᾳ⁴
877 2979 987 3031 τινὶ
1037 2979 1193 3051 ὑλικῇ
1243 2979 1557 3050 ὑπεχώσθη.
1600 2981 1739 3034 Ἀλλ’

152 3065 295 3135 ἐμοῦ
329 3068 571 3138 παρῆλθε
593 3069 683 3121 τὸν
708 3067 841 3138 βίον,
869 3070 1259 3141 συμπαρῆλθεν
1279 3070 1428 3141 αὐτῷ
1448 3071 1517 3123 τὰ
1541 3072 1737 3135 πάντα,

154 3158 228 3209 ὀι⁸
253 3151 324 3210 ὧν
347 3161 373 3211 0
400 3158 512 3228 βίος
536 3160 643 3211 τῶν
668 3158 973 3230 ἀνθρώπων
994 3160 1108 3230 ἔχει
1134 3161 1233 3231 τὴν
1259 3162 1468 3216 στάσιν.
1489 3162 1574 3225 Ὠς
1606 3162 1741 3231 μηδὲ

157 3251 361 3320 εὑρέθη
385 3250 477 3304 τοῦ
500 3251 693 3320 ἀνδρὸς
715 3252 902 3305 ὑλικὸν
922 3253 1267 3323 μνημόσυνον
1284 3255 1346 3307 ὲκ
1367 3254 1465 3323 τῆς
1485 3253 1592 3306 τῶν
1608 3255 1743 3306 ἁπο-

156 3344 492 3410 λειςθέντων
517 3344 864 3414 περιουσίας,
891 3344 1271 3413 καταχωννύον
1295 3344 1460 3397 αὑτοῦ
1485 3345 1586 3414 τὴν
1610 3343 1745 3415 πρὸς
1773 3334 1815 3391 C

154 3435 217 3486 τὸ
252 3436 495 3502 κρεῖττον
522 3432 810 3503 ὑπόληψιν,
838 3434 1030 3504 ὥσπερ
1057 3434 1150 3487 ἐπὶ
1174 3434 1269 3487 τοῦ
1300 3435 1577 3498 Μωῦσέως
1601 3436 1632 3504 ή
1667 3437 1745 3487 ίσ-

155 3524 318 3596 τορία
361 3527 633 3595 μαρτυρεῖ
663 3525 916 3593 λέγουσα,
954 3526 1037 3578 ὅτι
1067 3544 1084 3577 ι
1111 3526 1223 3601 Οὐχ
1246 3525 1444 3599 εὑρέθη
1465 3526 1629 3579 αὑτοῦ
1650 3528 1745 3581 τά·

156 3633 297 3685 φος,
342 3616 444 3677 ἓως
485 3615 586 3683 τῆς
630 3617 871 3685 σήμερον
909 3615 1144 3685 ἡμέρας.
1196 3634 1213 3666 ι
1264 3617 1326 3668 Ei
1369 3613 1462 3669 οὖν
1502 3614 1745 3679 τοιοῦτος

156 3711 297 3779 ἡμῖν
325 3707 430 3761 ὑπὸ
459 3707 553 3761 τοῦ
584 3708 744 3775 λόγου
776 3709 1149 3762 άναδέὃεικται
1175 3709 1204 3760 0
1237 3710 1408 3779 μέγας
1439 3709 1743 3773 Βασίλειος,

156 3799 305 3853 ὥστε
339 3799 413 3870 μὴ
445 3799 633 3869 πόρρω
662 3800 770 3849 τῶν
796 3799 969 3853 ἁγίων
996 3795 1136 3853 εἶναι
1167 3801 1352 3865 αὐτὸν,
1381 3801 1471 3853 δια
1498 3800 1592 3853 τοῦ
1626 3801 1743 3871 βίου

158 3892 304 3962 πρὸς
340 3892 569 3946 ἕκαστον
604 3891 713 3945 τῶν
751 3893 1002 3963 μεγάλων
1041 3893 1480 3964 παρατιθέμενον
1508 3911 1520 3924 ·
1562 3894 1742 3958 καλῶς

158 3985 300 4053 ἡμῖν
332 3985 364 4053 ὴ
404 3982 695 4036 ἀκολουθία
732 3983 840 4039 τῶν
874 3983 1077 4056 ἑορτῶν
1110 3985 1202 4037 ἐπὶ
1238 3983 1427 4038 τοῦτον
1460 3983 1615 4051 ἄγειν
1648 3984 1742 4038 νῦν

160 4076 267 4147 τὴν
297 4076 599 4130 ἐνεστῶσαν
630 4076 958 4148 πανήγυριν.
991 4075 1153 4130 Ἀλλὰ
1181 4075 1269 4129 διὰ
1297 4075 1408 4130 τῶν
1435 4077 1552 4129 ἐκεῖ
1580 4093 1745 4146 κεχα-

237 4250 267 4290 ιι
328 4249 482 4306 Deut.
515 4268 699 4316 xxxiv,
726 4253 777 4310 6.

1918 2519 2113 2574 Verum
2178 2517 2522 2573 intermediis
2596 2513 2854 2568 omnibus
2921 2507 3176 2569 omissis,
3249 2504 3425 2560 solius

1840 2607 2032 2665 Basilii
2102 2608 2226 2664 linis
2262 2608 2585 2669 meminero,
2639 2618 2802 2673 quam
2870 2599 3045 2670 Moysi
3084 2596 3281 2651 similis
3331 2595 3427 2647 ha-

1841 2703 1964 2759 buit
1989 2702 2125 2770 (96).
2154 2700 2421 2769 Equidem
2463 2698 2625 2752 ambo
2672 2695 3015 2763 reliquerunt
3044 2689 3250 2743 vitam:
3293 2700 3427 2740 neu-

1848 2802 1930 2847 ter
1983 2800 2189 2851 tamen.
2224 2806 2337 2845 sua:
2371 2790 2439 2843 ad
2487 2803 2717 2843 carnem
2746 2783 3060 2839 all'ectionis
3098 2794 3428 2836 monumen-

1847 2889 1961 2936 tum
1989 2883 2113 2936 vita:
2168 2879 2407 2949 reliquit.
2463 2877 2598 2931 Nam
2655 2890 2835 2945 neque
2882 2872 3085 2943 Moysis
3113 2869 3426 2939 sepulcrum

1845 2977 2142 3038 invenitur,
2184 2987 2362 3043 neque
2394 2973 2483 3026 hic
2523 2969 2835 3025 substantia
2871 2966 2980 3020 ulla
3011 2974 3233 3018 terrena
3260 2961 3459 3016 obru-‘

1846 3077 1938 3125 tus
1974 3076 2079 3123 est.
2127 3067 2343 3138 Quippe
2401 3065 2515 3119 vita
2553 3061 2857 3118 excedente
2910 3073 3019 3113 una
3067 3061 3428 3112 excesserunt

1848 3162 2301 3229 transieruutque
2345 3157 2532 3211 omnia
2578 3154 2781 3224 quibus
2831 3152 3069 3205 humana
3100 3149 3210 3202 vita
3241 3146 3432 3199 consi-

1851 3256 1968 3310 stit.
2027 3252 2209 3320 Quare
2259 3250 2487 3305 minime
2525 3248 2807 3302 inventum
2865 3251 2949 3298 est
2999 3250 3281 3296 terrenum
3324 3236 3427 3292 viri

1848 3347 1915 3401 de
1952 3346 2263 3401 substantia
2307 3343 2498 3399 relicta
2547 3344 2988 3397 monumentum,
3025 3332 3173 3403 quod
3205 3331 3329 3399 ejus
3358 3328 3428 3383 ad

1849 3438 1903 3494 id
1929 3437 2076 3509 quod
2110 3437 2304 3492 melius
2337 3445 2443 3496 est,
2473 3430 2817 3503 propositum
2841 3428 3120 3489 obrueret,
3161 3422 3430 3494 quemad-

1850 3530 2073 3586 modum
2108 3529 2161 3583 in
2198 3528 2381 3598 Moyse
2410 3524 2643 3580 historia
2688 3522 2776 3577 his
2812 3520 3000 3575 verbis
3030 3524 3295 3573 testatum
3329 3513 3430 3567 ha-

1850 3622 1941 3676 bet
1973 3638 1986 3674 :
2025 3639 2043 3671 ‹
2078 3619 2141 3672 Et
2172 3633 2280 3671 non
2314 3624 2400 3671 est
2428 3617 2714 3670 inventum
2745 3611 3063 3683 sepulcrum
3096 3605 3216 3674 ejus
3253 3621 3427 3676 usque

1848 3712 1903 3767 in
1933 3719 2254 3782 praesentem
2304 3708 2449 3763 diem
2478 3707 2530 3761 δ.
2586 3725 2605 3760 ι
2645 3704 2746 3760 Ubi
2801 3718 2931 3773 ergo
2979 3714 3235 3771 magnum
3269 3697 3427 3753 Basi-

1847 3805 1980 3859 lium
2033 3802 2287 3858 oratione
2338 3799 2503 3855 talem
2532 3795 2900 3859 ostendimus,
2933 3793 3027 3863 qui
3055 3791 3260 3847 collata
3295 3804 3423 3844 cum

1849 3894 2065 3964 magnis
2114 3890 2431 3962 quibusque
2491 3888 2622 3951 vita,
2676 3884 2821 3939 haud
2874 3881 3069 3953 procul
3125 3895 3156 3934 a
3220 3880 3427 3964 sanctis

1851 3949 2031 4051 absit;
2085 3949 2226 4038 bene
2270 3949 2433 4035 nobis
2484 3949 2846 4032 festi-vitatum
2876 3949 3075 4029 series
3127 3949 3423 4027 instantem

1852 4075 2122 4132 hodierna
2157 4072 2247 4129 die
2293 4070 2673 4129 celebritatem
2704 4066 2773 4121 ad
2806 4078 2932 4120 eum
2961 4062 3198 4119 reducit.
3229 4061 3423 4117 Enim-

1459 4390 1843 4450 COMBEFISII
1879 4390 2105 4448 ΝΟΤΑΞ.

240 4481 352 4547 (93)
386 4482 589 4536 Parum
628 4482 794 4548 abest,
827 4490 886 4535 ut
920 4498 981 4536 ne
1011 4486 1190 4537 carnis
1219 4493 1479 4552 expertem
1510 4493 1560 4538 et
1616 4500 1745 4549 sap-
1780 4485 1824 4543 ι)
1853 4483 2217 4545 infoderetur,
2270 4481 2533 4551 reliquit;
2567 4478 2635 4534 de
2690 4492 2801 4552 quo
2866 4475 3157 4552 Possidius
3207 4474 3260 4529 in
3294 4472 3430 4552 eius

161 4554 365 4624 guinis.
399 4552 502 4604 Τὸν
540 4552 801 4624 ασαρκον,
839 4554 1037 4624 μικροῦ
1066 4554 1165 4615 δεῖ,
1197 4556 1290 4624 καὶ
1320 4554 1610 4623 ἀναίμονα.
1642 4552 1749 4605 Ex-

164 4621 421 4686 iiressum
454 4637 517 4675 ex
544 4621 707 4691 Greg.
748 4621 901 4677 Orat.
934 4621 1005 4676 20
1032 4642 1045 4677 :
1082 4624 1157 4677 υὺ
1191 4623 1326 4678 πολὺ
1358 4624 1414 4677 δὲ
1440 4621 1751 4684 είπεῖν,καὶ

162 4698 412 4760 ἄσαρκος
435 4708 447 4719 ·
479 4707 543 4743 ex
563 4708 672 4758 quo
695 4701 749 4745 et
776 4693 971 4762 nostri,
1000 4694 1052 4746 in
1082 4693 1268 4746 multis
1296 4694 1494 4747 malam
1519 4700 1752 4762 puncta:

166 4767 396 4823 tionem,
454 4763 815 4832 correximus.
865 4761 1005 4816 Sunt
1044 4772 1191 4817 certe
1229 4763 1343 4817 haec
1394 4761 1612 4832 aliaque
1648 4761 1749 4832 viri

166 4832 311 4885 tanti
349 4831 608 4891 illustria,
642 4846 705 4884 ac
758 4832 810 4884 in
848 4834 1039 4900 primis
1082 4847 1203 4900 qum
1250 4834 1434 4887 statim
1486 4831 1636 4886 addit
1685 4831 1754 4886 de

165 4905 296 4966 ejus
332 4901 579 4969 proxima
609 4916 638 4952 a
684 4916 839 4955 sacra
875 4902 1212 4969 eloquentia.
1245 4917 1311 4956 ac
1356 4917 1480 4957 vere
1510 4903 1594 4956 vix
1622 4902 1753 4953 divi-

166 4976 383 5025 niorem
416 4970 681 5025 hactenus
714 4971 966 5024 habuerit
1006 4972 1270 5035 Ecclesia,
1320 4972 1522 5039 quibus
1554 4973 1749 5026 saltem

165 5047 294 5110 ipse
333 5041 614 5106 loquitur;
660 5040 804 5093 haud
851 5041 996 5095 enim
1048 5041 1277 5110 perinde
1322 5041 1513 5105 fuerit,
1549 5042 1602 5094 in
1628 5040 1751 5108 ejus

166 5111 379 5176 ubique
412 5110 824 5173 interpretibus.
859 5111 1069 5164 audire.
1454 5134 1457 5137 ·

246 5180 358 5247 (96)
391 5179 507 5245 Quo
536 5180 703 5248 Moysi
752 5180 945 5233 similis
997 5179 1203 5234 habuit.
1251 5178 1357 5233 Τοῦ
1388 5179 1578 5242 τέλους
1610 5179 1753 5235 κατὰ

165 5250 434 5305 Μωῦσέα.
469 5248 700 5319 Egregia
735 5250 789 5302 in
824 5249 1026 5320 Moysis
1061 5251 1369 5320 ignoratum
1404 5252 1749 5320 sepulcrum;

169 5320 519 5399 insignisque
669 5320 1015 5399 episcopatu,
1074 5320 1420 5399 paupertatis
1452 5320 1664 5399 Basilii,
1694 5336 1751 5374 re

169 5388 474 5456 animoque
499 5430 513 5451 ,
536 5388 833 5458 allegorica
865 5388 1447 5444 celebratioJVidetur
1478 5392 1752 5459 respicere

171 5458 311 5531 illud
340 5459 591 5530 Gregorii
642 5460 820 5524 citati,
852 5475 961 5529 quo
1016 5459 1199 5514 Basilii
1254 5458 1607 5531 ἁκτησίανει
1639 5460 1752 5528 ipse

168 5528 487 5590 celebrans.
514 5546 682 5600 unum
701 5531 747 5583 ei
776 5545 1000 5600 corpus,
1029 5539 1084 5585 et
1114 5528 1426 5585 necessaria
1459 5530 1751 5584 indumen-

170 5608 234 5671 ta
273 5600 579 5671 reiinquit.
617 5599 742 5652 Fuit
781 5599 888 5655 non
952 5600 1225 5654 absimilis
1281 5615 1513 5671 magnus
1545 5609 1600 5654 et
1635 5602 1751 5667 ipse

170 5668 499 5723 Latinorum
553 5670 750 5723 doctor
790 5672 1150 5740 Augustinus,
1183 5671 1269 5723 cui
1302 5668 1511 5740 ahjecta
1570 5673 1751 5725 omnis

171 5740 509 5801 substantia,
544 5742 854 5794 testamenti
879 5741 1149 5794 condendi
1181 5740 1491 5794 facultatem
1523 5740 1746 5800 ademit;

173 5822 355 5880 teque
419 5825 516 5864 nec
566 5813 1044 5882 scpulcrum,quo
1104 5827 1333 5883 magnus
1391 5813 1483 5868 illc
1532 5811 1749 5867 animm

1847 4553 1995 4607 Vita.
2044 4553 2121 4606 Ac
2176 4544 2352 4621 neque
2391 4544 2899 4621 'nostrumJoan.‘
2937 4546 3242 4621 Baptistam
3278 4544 3345 4600 de
3376 4549 3432 4621 la

1851 4625 2025 4681 Nuza.
2059 4630 2112 4675 et
2148 4618 2324 4689 ipsum
2400 4621 2543 4674 inter
2597 4619 2698 4674 aevi
2725 4618 2903 4673 nostri
2931 4618 3247 4687 episcopos,
3276 4619 3431 4673 verbi

1855 4695 1950 4751 Dei
2004 4706 2303 4762 preconum
2367 4705 2432 4745 ac
2498 4689 3122 4762 Prte.licatorum,_vere
3162 4699 3428 4762 magnum

1853 4755 2215 4833 magistrum3
2256 4760 2395 4815 dono
2452 4762 2728 4829 sapientia:
2755 4756 3145 4833 etintellertus,
3174 4755 3229 4833 i_n
3259 4758 3434 4833 sacris

1850 4823 2112 4903 prmvcipue
2163 4830 2459 4900 Scripturis
2486 4902 2489 4903 ν
2517 4823 2839 4903 exponendis
2861 4867 2876 4890 ,
2904 4898 2916 4903 _
2938 4827 3114 4903 sancti
3168 4823 3432 4903 Ludovici

1856 4896 2145 4958 Bertr'andt
2177 4896 2297 4971 ejus
2349 4902 2593 4971 magistri
2649 4898 2970 4971 testimonio,
3016 4896 3209 4971 eximie
3231 4896 3435 4971 _prc_t_i_i-
3505 4900 3508 4904 ’

1855 4985 2002 5037 tum;
2028 4989 2161 5027 vere
2193 4966 2249 5027 et
2272 4966 2475 5040 ipsuni,
2502 4985 2611 5023 non
2640 4969 2849 5040 relicto
2873 4967 3157 5040 sepulcro,
3192 4969 3303 5023 alta
3341 4966 3433 5023 illa

1853 5036 2180 5113 paupertate
2229 5036 2337 5110 qua
2373 5042 2443 5093 ad
2468 5039 2739 5113 proprium
2760 5109 2771 5113 _
2792 5053 2958 5106 usque
2986 5036 3203 5099 lectum,
3223 5045 3435 5113 sancto-

1853 5107 1981 5167 runt
2001 5107 2363 5182 episcoporum
2416 5107 2713 5182 wmulator_
2753 5109 2806 5182 in
2846 5122 3103 5182 pauperes
3152 5107 3431 5182 erogavit,

1854 5193 1913 5238 ut
1945 5176 2188 5252 nupera'
2219 5182 2407 5252 obitus
2431 5180 2577 5252 Aejus
2637 5179 2834 5233 relatio
2862 5178 2917 5232 in
2960 5176 3204 5252 capitulo
3236 5185 3434 5231 nostro

1852 5246 2042 5323 gener:
2069 5252 2228 5317 Rom.
2265 5250 2400 5306 1629
2413 5246 2755 5323 defunctum;
2777 5261 2875 5319 pro
2900 5260 3020 5323 mea
3050 5246 3105 5300 in
3137 5254 3441 5323 utrumque

1854 5315 2031 5385 illum,
2070 5315 2231 5393 quem
2289 5320 2708 5393 utrumquevir
2740 5315 2927 5372 tantus
2952 5315 3287 5393 illustravit:
3324 5315 3435 5393 pri-

1852 5409 2023 5453 mum,
2045 5387 2288 5462 inquam,
2308 5387 2789 5459 augustissimum,
2812 5387 3437 5462 etcuisuhlieoomnia

1853 5456 2244 5529 subiiciantur,
2278 5456 2665 5517 successorum
2705 5457 2998 5529 apostolici
3026 5456 3297 5529 culminis
3306 5456 3435 5529 epi-

1853 5525 2174 5603 seoporum,
2209 5546 2271 5586 ac
2304 5547 2467 5603 quem
2520 5525 2784 5603 proﬁteor
2819 5527 3119 5603 humilem,
3141 5525 3435 5603 peculiari-

1853 5614 1937 5658 ter
1959 5594 2028 5657 ἐι
2063 5594 2240 5671 ipsum
2272 5619 2284 5665 ;
2312 5594 2407 5664 sed
2452 5594 2638 5655 tamen
2696 5598 2971 5659 subsidio,
2998 5594 3251 5671 ordinem
3282 5594 3433 5671 Pra-

1851 5666 2184 5737 dicatorum,
2216 5673 2598 5737 observantia,
2641 5678 2828 5725 tacere
2866 5667 3095 5737 omnino
3124 5666 3432 5737 debuerim,

1853 5734 2336 5810 sinmiuus,quid
2388 5734 2751 5798 onmis'retro
2812 5749 2944 5795 mtas
3002 5736 3188 5804 faciet,
3251 5734 3435 5807 dignis

1854 5816 2044 5885 elegiis
2063 5815 2343 5870 celebrare
2379 5813 2585 5883 possim
