4236 6440
206 430 310 496 9'29

829 425 911 490 IN
946 427 1603 491 CIRCUMCISIONEM
1636 429 1909 489 DOMIXI
1945 430 2041 490 ET
2082 431 2159 490 ΙΝ
2201 432 2259 490 S.
2305 431 2694 493 BASILIUM.

3347 435 3454 499 930

289 541 446 598 Ἀλλὰ
494 542 590 596 σὺν
627 541 803 604 αὐτοῖς
848 544 957 605 τοῖς
1005 542 1171 606 θείοις
1211 543 1542 617 ἐπαινέταις,
1599 542 1770 611 πάτερ

1840 580 1847 600 .
1950 545 2265 609 Enimvero,
2313 543 2478 598 Basili
2537 554 2713 614 pater,
2761 546 2855 616 qui
2906 561 3029 601 cum
3066 546 3202 618 ipsis
3246 546 3452 606 divinis

207 634 471 698 Πασίλειε,
503 634 558 687 ἐν
579 632 935 703 πατριαρχῶν
973 632 1361 686 συναπολαύων
1384 635 1609 704 σκηναῖς
1642 634 1775 686 ἀπο·

206 725 407 777 στόλων
440 739 499 775 τε
539 721 636 775 καλ⁷
673 721 966 791 προφητῶν
1010 722 1459 792 μυσταγωγίαις,
1504 722 1598 774 καὶ
1636 740 1776 792 μαρ-

204 813 382 879 τύρων
414 811 824 882 στεφηφορίαις,
866 810 959 863 καὶ
1019 811 1268 881 μοναχῶν
1310 812 1570 881 χορείαις,
1619 810 1776 865 θείων

202 921 262 956 τε
295 903 563 975 ἱεραρχῶν
595 903 686 955 καὶ
719 902 934 956 πάντων
971 901 1195 955 δικαίων
1236 903 1682 973 ἀγαθοτρυφίαις,
1708 903 1776 957 τὰ

203 996 342 1065 ὑπὲρ
364 996 522 1065 ἡμῶν
566 995 855 1064 μνήσθητι,
900 996 1315 1066 συνεπαγείρων
1354 996 1431 1060 είς
1478 996 1776 1067 πρεσϐείαν

202 1088 408 1151 πάντας
442 1087 776 1157 ὁμοσκήνους
827 1103 944 1150 σου,
983 1086 1078 1140 τοῦ
1114 1086 1503 1141 καθικετεῦσαι
1546 1088 1775 1141 πάντοτε

205 1178 326 1248 μέν,
358 1178 448 1231 καὶ
479 1176 573 1231 νῦν
603 1177 658 1231 δὲ
690 1178 781 1231 τὸν
816 1178 992 1230 κοινὸν
1026 1179 1303 1248 Δεσπότην
1331 1178 1471 1249 ὑπὲρ
1506 1180 1601 1250 τῆς
1639 1180 1775 1234 παν-

198 1283 307 1318 των
355 1266 627 1336 σωτηρίας
653 1266 1029 1335 Χριστιανῶν⁸
1072 1268 1294 1338 βασιλέα
1332 1270 1675 1339 καταρτίζων
1718 1270 1776 1322 ἐν

201 1357 514 1428 δικαιοσύνῃ
569 1359 660 1411 καὶ
708 1357 1023 1424 θεοσεϐείᾳ,
1056 1359 1121 1412 ἵν’
1166 1359 1278 1430 ἔχοι
1318 1360 1453 1414 Θεὸν
1487 1360 1777 1432 σύμμαχον

197 1449 363 1502 αὑτοῦ
402 1453 511 1513 τοῖς
543 1450 815 1520 νοήμασι,
846 1450 936 1503 τὸν
969 1452 1250 1522 ἀδιάδοχον
1282 1452 1529 1522 βασιλέα,
1560 1453 1691 1524 παρ’
1716 1449 1774 1507 οὗ

196 1542 517 1606 δεσπόζεται
566 1541 809 1595 ἀνωθεν·
866 1542 1130 1612 ἄρχοντάς
1169 1560 1228 1596 τε
1271 1544 1362 1597 καὶ
1399 1544 1677 1615 ἡγεμόνας
1720 1545 1776 1598 ὲν

197 1632 451 1704 εὐσεϐείᾳ
477 1633 714 1685 διέποιτο
750 1634 1046 1704 ὑπηκόους,
1081 1635 1297 1706 στρατῷ
1327 1636 1771 1707 συμμαχόμενος,

197 1722 411 1775 καὶτὸν
458 1724 642 1777 λοιπὸν
684 1724 813 1778 λαὸν
861 1727 917 1777 ἐν
950 1726 1172 1797 ὁμονοίᾳ
1212 1729 1279 1796 τῇ
1322 1727 1459 1797 πρὸς
1497 1728 1593 1798 τὴν
1624 1728 1774 1781 θείαν

198 1814 402 1881 πίστιν,
419 1816 511 1868 καὶ
534 1818 597 1886 τῇ
618 1818 750 1887 πρὶς
767 1816 1025 1887 ἀλλήλους
1042 1818 1229 1888 εἰρήνῃ
1248 1818 1555 1887 διακρατῶν
1574 1836 1585 1848 ·
1606 1819 1773 1890 χρίων

196 1908 475 1977 ἀρχιερεῖς
509 1909 564 1960 ἐν
601 1906 871 1978 θεολογίᾳ,
906 1907 1083 1971 καλῶς
1112 1907 1381 1980 κυϐερνᾷν
1416 1909 1512 1980 τὴν
1542 1912 1604 1963 ἐκ
1637 1909 1772 1963 Θεοῦ

196 1997 291 2048 καὶ
321 1998 469 2065 παρά
534 1994 628 2048 σοῦ
698 1996 879 2063 σοφῶς
924 1995 1384 2067 πεπαιδευμένην,
1434 2000 1529 2051 καὶ
1593 1999 1774 2064 αὐτοῖς

193 2086 648 2157 ἐμπιστευθεῖσαν
712 2087 1057 2157 Ἐκκλησίαν.
1129 2089 1316 2159 Ὶερεῖς
1392 2090 1452 2142 ἐν
1515 2090 1773 2163 εῦλαόείᾳ

191 2177 487 2248 διατηρῶν,
520 2179 666 2240 ὅπως
693 2177 1001 2248 θεαρέστως
1041 2178 1303 2248 βιοῦντες,
1353 2181 1449 2233 καὶ
1484 2182 1574 2234 τὸν
1605 2181 1773 2252 ὕμνον

191 2267 433 2334 ἐπαξίως
457 2268 534 2337 τῷ
570 2285 627 2321 σε
668 2269 782 2322 νυνί
810 2285 869 2321 τε
912 2268 1338 2341 προσλαϐομένῳ
1379 2272 1473 2326 καὶ
1516 2272 1772 2341 στέψαντι

191 2362 290 2413 καὶ
351 2359 512 2412 παντὶ
573 2359 651 2430 τῷ
704 2359 881 2431 πιστῷ
939 2360 1097 2431 δήμῳ
1162 2363 1434 2434 περιφανῆ
1490 2364 1724 2430 δείξαντι
1755 2405 1770 2429 ,

192 2451 451 2520 ποιμένα,
482 2451 572 2503 καὶ
605 2452 667 2523 δὴ
710 2452 1011 2522 πλέξωμεν.
1061 2456 1155 2517 ⁸⁸ος
1182 2455 1249 2508 δι’
1280 2457 1428 2527 ἡμᾶς
1455 2457 1772 2528 ὲπτὼχευσε

194 2541 449 2605 πλούσιος
476 2540 570 2606 ὣν,
613 2544 677 2595 ἐκ
707 2544 942 2614 γαστρὸς
981 2545 1262 2614 προελθὼν
1306 2551 1666 2622 σαρκοφόρος,
1696 2552 1773 2617 ὡς

193 2627 336 2684 οἶδεν
370 2632 551 2694 αὑτός.
591 2632 648 2686 Ὀ
682 2634 792 2687 ἄνω
831 2635 909 2704 τῷ
944 2635 1116 2704 Πατρὶ
1153 2638 1641 2710 συγκαθεζόμενος,
1679 2645 1772 2697 καὶ

194 2722 254 2775 ἐν
294 2722 537 2795 σπηλαίῳ
577 2740 634 2777 τε
688 2726 1020 2797 τικτόμενος,
1058 2729 1152 2782 καὶ
1199 2730 1257 2783 ἐν
1304 2732 1477 2804 φάτνῃ
1526 2750 1774 2805 σπαργα-

192 2813 475 2885 νοῦμενος.
525 2817 582 2870 Ὀ
627 2818 731 2871 ὑπὸ
778 2821 1025 2889 ἀγγέλων
1066 2824 1488 2895 ἀνυμνούμενος,
1535 2831 1627 2881 καὶ
1670 2830 1773 2881 ὑπ’)

192 2904 469 2973 ποιμένων
497 2905 927 2979 θαυμαζόμενος.
967 2912 1024 2965 '0
1052 2915 1118 2983 τῇ
1139 2914 1387 2986 παρούσῃ
1410 2916 1569 2989 ὀγδόῃ
1590 2921 1772 2991 ἡμέρᾳ

193 2998 678 3067 περιτεμνόμενος,
715 3001 809 3053 καὶ
851 3001 1025 3073 Ἰησοῦ
1055 3007 1429 3076 προσηγορίαν
1459 3008 1768 3079 δεχόμενος.

206 3086 267 3138 Ὀ
296 3085 566 3157 καθάρσια
593 3091 919 3163 προσφέρων
943 3132 956 3154 ,
990 3094 1082 3146 καὶ
1123 3096 1227 3148 ὑπὸ
1262 3097 1489 3167 Συμεὼν
1527 3102 1620 3152 καὶ
1647 3103 1771 3153 Ἀν-

188 3193 291 3245 νης
314 3178 672 3247 ἀνθομολογοῦ
682 3199 861 3250 μενος,
889 3184 981 3236 καὶ
1009 3185 1114 3237 ὑπὸ
1137 3187 1342 3255 Μάγων
1363 3188 1766 3262 δορυφοροῦμεο

185 3284 300 3330 νος.
352 3268 407 3321 '0
434 3269 649 3337 φεύγων
690 3274 769 3334 εἰς
797 3275 1088 3340 Αἴγυπτον,
1120 3278 1213 3331 καὶ
1244 3296 1263 3330 ‹
1302 3280 1461 3333 σείων
1488 3281 1555 3335 τὰ
1586 3300 1768 3352 χειρο-

183 3356 391 3426 ποίητα
415 3357 711 3425 Αἰγύπτου.
768 3378 787 3412 ι
844 3360 902 3413 Ὀ
934 3362 1033 3433 τὴν
1074 3364 1287 3418 τελείαν
1324 3367 1515 3438 ἀνδρὸς
1556 3369 1769 3437 ἠλικίαν

182 3446 499 3517 δεχόμενος,
555 3450 651 3503 καὶ
700 3451 805 3505 ὑπὸ
826 3452 1014 3506 δούλου
1083 3453 1517 3527 βαπτιζόμενος,
1557 3460 1651 3513 καὶ
1692 3461 1770 3532 τῷ

186 3538 345 3591 ὕδατι
379 3538 612 3608 βυθίζων
638 3541 735 3612 τὴν
766 3542 859 3596 τοῦ
896 3544 1105 3615 κόσμου
1145 3547 1443 3619 ἁμαρτίαν.
1493 3550 1550 3603 ’0
1578 3551 1769 3622 κόσμῳ

184 3631 616 3701 φανερούμενος,
669 3634 762 3687 καὶ
804 3635 907 3688 ὑπὸ
967 3637 1236 3691 Ἰουδαίων
1294 3641 1643 3711 μισούμενος.
1688 3640 1770 3705 οἷς

184 3720 287 3773 καὶ
331 3721 399 3774 τὰ
441 3721 564 3787 ξένα
591 3722 1052 3796 ἐθαυματούργει.
1094 3728 1293 3793 Τέλος,
1344 3732 1770 3802 παραδιδόμενος

182 3811 289 3865 καὶ
337 3812 776 3883 σταυροῦμενος,
827 3812 947 3869 εἶτα
994 3817 1092 3871 καὶ
1138 3818 1496 3889 ϐαπτόμενος,
1549 3823 1636 3876 ἵνα
1679 3823 1769 3876 τὸν

182 3904 323 3975 ᾅδην
352 3904 778 3974 αἰχμαλωτίσας,
810 3907 870 3959 τὸ
904 3909 1001 3977 τῆς
1042 3910 1395 3975 ἀναστάσεως
1420 3917 1532 3977 τοῖς
1570 3916 1628 3967 ἐν
1666 3915 1768 3986 ᾅδῃ

181 4012 257 4049 πε
270 3996 573 4067 ριαστρὰᾠῃ
596 3998 943 4068 ἐπάγγελμα.
976 4001 1072 4063 Ὃς
1091 4001 1186 4055 καὶ
1213 4002 1414 4074 ἀνέστη
1443 4006 1766 4077 τριήμερος,

180 4084 311 4145 δούς
348 4102 437 4153 μοι
463 4086 562 4156 τὴν
599 4086 859 4157 δευτέραν
904 4088 1130 4157 ὀγδοάδα
1169 4092 1429 4162 τιμᾶσθαι
1466 4096 1566 4164 τῆς
1603 4094 1771 4157 ὅντως

179 4176 568 4240 ἀναπαύσεως,
612 4178 692 4241 είς
710 4180 810 4247 τὴν
845 4179 1145 4247 μέλλουσαν
1177 4182 1405 4252 ὁγδοάδα
1433 4185 1531 4255 τῆς
1558 4185 1771 4250 τελείας

179 4265 283 4318 τοῦ
319 4266 521 4335 κόσμου
548 4267 974 4338 ἀπολυτρώσεως
1001 4273 1257 4340 ἄγουσαν.
1276 4274 1439 4328 Ὅθεν
1465 4278 1559 4329 καὶ
1590 4276 1769 4347 μαθη-

178 4359 311 4419 ταῖς
342 4358 652 4428 ἐμφανίζει,
691 4361 786 4413 καὶ
834 4360 1139 4431 βλεπόντων
1170 4365 1350 4419 αὐτῶν
1392 4368 1473 4429 είς
1506 4367 1769 4435 οὐρανοὺς

178 4448 427 4516 αἴρεται,
464 4449 522 4501 τὸ
552 4450 672 4502 κατ’
711 4451 810 4520 ἐμὲ
846 4454 1102 4506 ταπεινὸν
1130 4455 1387 4524 ἀνυψῶνο
1422 4458 1516 4511 καὶ
1545 4453 1627 4521 εἷς
1660 4460 1771 4512 Κύ-

1879 634 2223 703 prarconibus
2251 634 2691 703 patriarcharum
2743 636 3020 692 delicieris
3049 638 3448 716 tabernaculis.

1878 726 2369 796 apostolorumqae
2421 738 2473 781 et
2527 729 2921 805 prophetarum
2973 731 3151 786 sacris
3184 731 3451 786 initiatio-

1877 818 2060 881 nibus,
2106 826 2522 889 martyrumque
2553 822 2798 899 coronis,
2835 830 2886 875 et
2927 822 3111 878 choris
3147 824 3449 878 monacho-

1878 924 2020 971 rum,
2078 909 2503 979 divinorumque
2580 911 2898 981 prasulum,
2974 920 3138 981 atque
3201 914 3448 969 outuium

1873 999 2149 1068 iustorum
2208 1001 2612 1070 voluptatibus.
2650 1003 2823 1058 nostri
2878 1004 3209 1069 recordare,
3257 1020 3450 1062 omnes

1878 1090 2071 1144 iisdem
2123 1098 2303 1145 tecum
2359 1092 2730 1146 tabernaculis
2781 1109 3154 1163 congregans,
3208 1102 3265 1149 ut
3303 1111 3451 1151 sern-

1877 1194 1972 1249 pcr
2019 1193 2083 1233 ac
2143 1178 2306 1233 modo
2352 1180 2406 1232 in
2455 1182 2669 1249 primis,
2724 1184 3006 1235 communi
3062 1184 3289 1238 Domino
3352 1200 3451 1253 pro

1878 1271 2055 1325 salute
2125 1270 2564 1324 Christianorum
2654 1274 3039 1327 universorum
3094 1276 3446 1351 supplicent:

1878 1362 2263 1430 imperatorem
2299 1363 2353 1415 in
2392 1363 2601 1429 iustitia
2635 1370 2688 1417 et
2721 1362 2979 1431 religiosa
3025 1363 3232 1433 pietate
3259 1365 3447 1433 dispo-

1878 1464 2055 1513 nens,
2110 1456 2166 1501 ut
2223 1449 2388 1503 Deum
2450 1450 2666 1516 habeat,
2744 1451 3131 1521 imperatorem
3188 1454 3340 1507 illum
3394 1463 3448 1509 et

1878 1556 2093 1612 regem,
2131 1542 2216 1595 cui
2264 1542 2448 1595 nullus
2492 1542 2760 1607 succedit,
2797 1558 2825 1595 a
2862 1559 2970 1613 quo
3025 1546 3164 1599 caelo
3214 1548 3445 1615 regitur,

1876 1631 1994 1700 ejus
2053 1632 2358 1701 adjutorem
2417 1633 2691 1693 consiliis.
2731 1634 3118 1705 principesque
3165 1652 3228 1692 ac
3274 1639 3461 1707 duces.

1876 1727 1928 1774 et
1956 1720 2235 1789 subjectos
2273 1722 2471 1791 pietate
2501 1731 2651 1792 regat
2681 1740 2695 1788 ;
2748 1729 3012 1779 exercitui
3046 1728 3344 1791 auxiliaris.
3382 1744 3446 1783 ac

1876 1811 2136 1879 populum
2194 1812 2469 1881 reliquum
2524 1814 2575 1867 in
2615 1814 3167 1877 divina‘coneordem
3227 1802 3349 1885 ﬁde,
3383 1837 3445 1875 ac

1806 1891 1845 1946 Β
1877 1916 2009 1970 pace
2040 1910 2228 1955 mutua
2263 1904 2585 1960 continens:
2625 1922 2836 1976 ungens
2865 1909 3153 1978 pontifices
3188 1911 3240 1965 in
3296 1912 3451 1967 theo-

1875 1992 2040 2061 logia.
2074 2003 2130 2045 ut
2167 1992 2468 2048 Ecclesiam
2502 2013 2565 2051 ex
2594 1996 2700 2052 Deo
2726 2000 2945 2069 tuisque
2985 2004 3445 2073 prmeepﬁonibus

1875 2082 2153 2151 sapienter
2195 2084 2523 2149 institutam,
2581 2087 2774 2156 eisque
2826 2088 3115 2155 creditam,
3152 2094 3322 2161 probe
3355 2110 3448 2163 gu-

1874 2172 2124 2228 hernent.
2180 2176 2512 2232 Sacerdotes
2554 2178 2608 2232 in
2641 2180 2845 2248 pietate
2895 2194 3206 2239 rererentes
3253 2198 3445 2241 custo~

1875 2261 2052 2326 dicns,
2090 2271 2149 2316 ut
2200 2265 2398 2333 placite
2454 2264 2564 2320 Deo
2622 2268 2887 2332 \‘iVBIllt‘S,
2936 2273 3098 2325 etiam
3152 2274 3200 2327 ci
3260 2276 3446 2342 quite
3492 2266 3495 2267 ⁷

1875 2367 2023 2407 nunc
2078 2356 2381 2423 assumpsit
2453 2358 2875 2425 coronavitque,
2933 2375 2993 2413 ae
3045 2365 3138 2415 tuli
3201 2363 3443 2418 fidelium

1874 2443 2080 2514 populo
2129 2444 2457 2513 praeclarum
2510 2454 2789 2516 pastorem
2824 2448 3095 2512 exhibuit,
3132 2450 3293 2520 digne
3328 2466 3446 2506 0m-

1878 2549 1975 2590 nes
2000 2535 2277 2588 canticum
2309 2535 2731 2593 concinnemus.
2768 2538 2849 2599 Ei.
2900 2542 3151 2610 inquam,
3194 2543 3285 2611 qui
3319 2559 3442 2599 cum

1871 2633 2019 2681 esset
2087 2624 2260 2691 dives,
2321 2636 2542 2696 propter
2597 2643 2696 2682 nos
2747 2628 2927 2683 factus
2974 2639 3057 2685 est
3100 2648 3324 2702 pauper,
3375 2649 3444 2688 ex

1875 2724 2032 2771 utero
2073 2730 2197 2771 cum
2245 2731 2411 2771 carne
2470 2732 2815 2786 progressus,
2855 2735 2962 2790 qua
3017 2722 3131 2790 ipse
3162 2724 3315 2777 novit
3351 2739 3444 2776 ra-

1877 2807 2039 2861 tione.
2072 2807 2174 2873 Qui
2208 2808 2261 2861 iu
2319 2809 2477 2863 caelis
2517 2810 2767 2875 considet
2801 2810 2968 2873 l’atri,
3011 2820 3065 2865 et
3096 2815 3347 2869 nascitur
3386 2816 3441 2869 in

1873 2900 2157 2968 spelunca,
2188 2909 2353 2968 atque
2394 2900 2448 2954 in
2482 2902 2712 2971 przesepi
2754 2905 2957 2969 pannis
2992 2905 3305 2959 involvitur.
3340 2907 3440 2960 Cui

1873 2992 2052 3060 angeli
2099 2992 2422 3054 concinnat,
2478 3001 2531 3046 et
2582 3009 2741 3063 quem
2795 3004 3041 3063 pastores
3074 2998 3442 3051 admiratione

1875 3090 2302 3152 prosequuntur.
2354 3082 2456 3147 Qui
2511 3083 2678 3138 haece
2728 3093 2920 3138 octava
2950 3086 3038 3139 die
3075 3087 3440 3142 circumcisus

1872 3182 1980 3237 est,
2021 3183 2071 3227 et
2100 3170 2229 3228 Jcsu
2262 3174 2683 3242 appellationem
2722 3177 2949 3244 accepit.
3007 3176 3109 3243 Qui
3144 3177 3299 3232 ollert
3335 3179 3445 3248 pia-

1871 3269 2089 3322 Culares
2134 3267 2368 3330 hostias,
2419 3279 2469 3322 et
2506 3267 2592 3321 cui
2648 3267 2872 3322 Simeon
2910 3277 2963 3322 et
2995 3271 3148 3323 Anna
3198 3271 3440 3325 vicissim

1867 3357 2220 3418 conﬁteantur,
2272 3372 2336 3411 ac
2375 3356 2513 3427 Magi
2570 3359 2834 3413 satellitio
2885 3359 3283 3426 obsequuntur.
3335 3359 3440 3427 Qui

1868 3449 2009 3518 fugit
2039 3450 2092 3503 in
2125 3448 2443 3518 Egyptum,
2480 3457 2533 3502 et
2569 3468 2586 3499 ι
2631 3449 2886 3502 concutit
2917 3450 3235 3504 manufacta
3271 3449 3443 3522 Egy-

1868 3539 1971 3610 pti.
2015 3557 2031 3590 ι
2067 3538 2168 3604 Qui
2205 3546 2481 3607 assumpta
2528 3545 2690 3612 aetate
2749 3537 3018 3607 perfecta,
3068 3539 3383 3608 baptizatur
3410 3556 3439 3593 a

1869 3645 2049 3692 servo,
2097 3629 2395 3696 mundique
2445 3638 2727 3697 peccatum
2778 3630 3082 3699 submergit
3133 3646 3296 3700 aqua.
3332 3630 3438 3698 Qut

1870 3721 2075 3776 mundo
2131 3719 2539 3780 manifestatus,
2614 3719 2741 3773 odio
2802 3720 2870 3773 ab
2924 3718 3127 3775 Judaei:
3187 3721 3439 3785 habetur,

1869 3814 2071 3884 quibus
2097 3820 2150 3867 et
2180 3828 2317 3866 nova
2357 3811 2619 3865 miracula
2670 3813 3024 3879 operabatur.
3062 3813 3274 3883 Quique
3321 3823 3443 3869 tau-

1869 3906 1991 3960 dem
2020 3902 2253 3957 traditus
2302 3910 2355 3955 et
2407 3901 2558 3955 cruci
2613 3899 2827 3966 ailixns,
2878 3903 3225 3971 postmodum
3275 3904 3438 3959 etiam

1870 3997 2119 4067 sepultus
2156 4004 2262 4057 est,
2296 4003 2357 4048 ut
2408 3992 2685 4062 eaptivato
2743 3991 2983 4056 inferno,
3018 3995 3441 4052 resurrectionis

1869 4085 2217 4141 aununtiatio
2249 4082 2465 4138 inferno
2499 4083 2867 4137 illucesceret.
2922 4082 3027 4148 Qui
3060 4084 3226 4138 etiam
3256 4100 3438 4141 resur.

1870 4177 2010 4231 rexit
2048 4174 2138 4229 die
2165 4175 2352 4237 tertia,
2387 4172 2511 4226 data
2548 4172 2679 4226 mihi
2713 4172 2907 4237 altera,
2944 4188 3070 4227 vere
3102 4174 3192 4228 illa
3229 4176 3442 4245 requie.

1872 4264 2037 4320 tionis
2069 4271 2280 4328 octava,
2314 4277 2479 4331 quam
2533 4261 2742 4315 honore
2795 4267 3179 4331 prosequerer,
3207 4263 3447 4318 ducente.

1871 4357 1935 4412 ad
2014 4355 2253 4409 futuram
2303 4360 2694 4407 consummatae
2773 4350 3165 4420 redemptionis
3251 4357 3438 4408 mundi

1871 4461 2140 4502 oczavam.
2196 4443 2563 4510 Quamobrem
2599 4442 2763 4495 etiam
2816 4443 3167 4497 manifestius
3217 4454 3441 4514 apparet

182 4559 218 4611 ρ
248 4556 309 4601 ος
336 4543 388 4591 ἐν
418 4541 511 4593 δύο
539 4541 731 4609 φύσεσι
754 4545 1099 4615 γνωρίζεται,
1123 4547 1200 4617 τῷ
1224 4549 1399 4619 Πατρὶ
1427 4551 1523 4603 κα)⁸
1546 4550 1623 4620 τῷ
1644 4551 1770 4621 θείῳ

1840 4537 2181 4607 ιιίίευίμιιιίε,
2237 4543 2291 4588 et
2342 4534 2476 4603 ipsis
2519 4532 2873 4587 cernentibus
2924 4534 2977 4585 in
3013 4534 3212 4588 caelum
3240 4537 3439 4598 elatus,

182 4630 470 4699 Πνεῦματι
516 4634 1125 4705 συμπροσκυνούμενος.
1173 4638 1233 4691 '0
1271 4638 1369 4702 τὰς
1398 4640 1491 4693 δύο
1520 4641 1767 4712 θελήσεις

181 4722 392 4793 ὁμοίως
435 4722 529 4777 καὶ
563 4725 847 4795 ἐνεργείας
881 4727 1084 4799 φέρων,
1140 4729 1198 4782 '0
1237 4730 1533 4786 κάντεῦθεν
1565 4734 1769 4803 ληπτὸς

184 4814 288 4867 καὶ
325 4814 701 4883 ἀπερίληττος,
750 4819 995 4888 γραπτδς
1044 4821 1138 4873 καὶ
1182 4822 1628 4893 ἀπερίγραπτος·
1678 4824 1769 4877 τό·

184 4919 317 4962 ποις
362 4902 405 4932 ³¹
435 4903 525 4954 καὶ
565 4902 934 4974 εἰκονίσμασιν
978 4909 1108 4978 ἡμῖν
1153 4912 1641 4983 προγραφόμενος,
1674 4912 1769 4965 καὶ

188 4999 251 5048 ἐν
279 4992 477 5057 αὐτοῖς,
497 4994 572 5057 ὡς
593 4993 681 5047 διὰ
716 4995 879 5065 μέσου
910 4998 1110 5068 σαρκὸς
1142 5002 1235 5055 καὶ
1261 5002 1591 5073 πνεύματος,
1609 5022 1770 5076 προσ-

189 5083 545 5153 κυνούμενος.
615 5085 741 5147 Τοῖς
796 5088 1017 5153 οἰκείοις
1089 5090 1363 5160 θεολόγοις
1441 5094 1533 5147 καὶ
1603 5098 1770 5150 πᾶσιν

185 5172 371 5240 ἁγίοις
425 5172 852 5242 ἐκτυπούμενος.
918 5177 1206 5233 Κοινωνῶν
1254 5182 1389 5251 ἡμῖν
1427 5182 1513 5251 ἐφ’
1564 5184 1769 5238 ἅπασιν

190 5265 432 5336 ὁμοίως·
483 5265 572 5315 καὶ
603 5266 708 5334 γὰρ
740 5266 805 5336 τῇ
852 5267 1105 5322 ἐντεῦθεν
1146 5273 1518 5344 προσκυνήσει
1554 5274 1631 5342 τῷ
1670 5276 1772 5345 ἀρ-

1875 4629 2134 4685 humilem
2212 4633 2460 4678 naturam
2546 4622 2787 4676 hominis
2854 4639 3077 4678 sursum
3147 4626 3437 4691 subvehit,

1875 4734 2125 4787 unusque
2183 4716 2447 4770 Dominus
2502 4714 2556 4768 in
2621 4714 2835 4768 duabus
2890 4715 3144 4785 cognitus
3205 4718 3438 4780 naturis,

1873 4827 1996 4867 cum
2031 4809 2194 4862 Patre
2222 4814 2277 4864 et
2320 4805 2529 4873 Spiritu
2562 4812 2754 4858 sancto
2780 4805 2987 4872 pariter
3014 4804 3298 4860 adoratur.
3335 4806 3439 4872 Qui

1874 4903 2008 4957 duas
2040 4913 2194 4970 asque
2248 4896 2559 4951 voluntates
2600 4904 2764 4965 atque
2811 4897 3163 4966 operatioues
3221 4897 3441 4962 habeat,

1875 5007 2051 5062 eoque
2098 4988 2610 5059 comprehensibilis
2675 4987 2746 5041 sit
2794 4996 2849 5041 et
2921 4987 3441 5057 ineomprehensus.

1876 5086 2088 5154 Quique
2126 5082 2270 5151 pingi
2320 5096 2382 5134 ac
2440 5080 2679 5135 describi
2717 5079 2911 5147 possit,
2963 5079 3443 5147 sitqnenihilomi-

1876 5191 1980 5231 nus
2012 5172 2554 5238 incircumscriptus:
2587 5184 2747 5237 quem
2781 5169 2968 5239 tiguris
2998 5168 3442 5240 imaginibusque

1876 5264 2309 5339 proscribamus,
2358 5269 2522 5329 atque
2572 5258 2625 5311 in
2659 5258 2762 5324 eis,
2802 5266 2861 5311 ut
2892 5256 3040 5312 velut
3072 5257 3249 5314 media
3277 5272 3445 5313 carne

1466 5409 1700 5465 nam
1728 5378 2141 5465 ALECTIONES.

264 5495 310 5528 "
334 5492 472 5564 Lege
516 5493 724 5553 τύποις.

1466 5585 1855 5642 COMBEFISII
1880 5584 2111 5641 NOTAE.

190 5677 461 5750 deinceps
494 5716 514 5750 ,Α
564 5678 809 5750 velutex
868 5675 1048 5732 officio
1081 5718 1096 5742 ,
1132 5686 1185 5733 et
1215 5680 1489 5735 secundas
1515 5695 1542 5733 a
1568 5681 1765 5750 primis

194 5749 315 5805 illis
378 5748 823 5821 prwdicaloribus
882 5759 936 5821 et
995 5749 1269 5821 episcopis
1302 5758 1497 5821 partes
1546 5748 1764 5821 gerens,

194 5831 516 5891 quanquam
541 5820 688 5872 nulla
720 5819 938 5888 propria
986 5820 1232 5891 subjecta
1265 5819 1439 5890 plebe,
1469 5819 1579 5893 qua
1612 5820 1678 5878 de
1713 5837 1770 5878 re

1873 5679 1939 5734 ad
1964 5676 2432 5746 Amphilochium,
2500 5674 2821 5747 praedicaret
2858 5693 2871 5729 :
2921 5689 3045 5729 nam
3079 5673 3303 5742 Basilio,
3349 5675 3441 5743 qui

1876 5750 2137 5805 assiduus
2197 5748 2457 5816 populuut
2515 5748 2753 5818 pontifea
2798 5748 3035 5818 doceret,
3091 5747 3296 5818 ubique
3326 5747 3445 5801 cla-

1877 5820 2158 5886 rissimus,
2184 5815 2370 5874 minus
2402 5815 2637 5889 quadrat
2670 5817 2982 5873 exhortatio
3011 5815 3144 5871 haec.
