4236 6440
185 375 276 439 933i

1167 375 1250 436 IN
1290 376 2132 439 TRANSFIGURATIONEM
2172 379 2473 440 DOMINI-

3335 391 3438 456 934

179 507 322 561 τητα,
343 490 418 552 εἰς
460 488 522 558 ἣν
550 486 734 559 μικρῷ
769 485 1009 558 πρόσθεν
1066 489 1496 563 μυστικώτερον,
1525 491 1620 544 καί⁸
1645 492 1740 546 νῦν

1848 500 1936 546 cat
1974 492 2037 558 τε
2103 493 2416 560 Enimvero,
2479 493 2611 564 quid
2695 494 2943 553 facturus
2997 497 3174 565 ducti,
3233 504 3435 572 quidve

179 580 562 650 ἐμφανέστερον
599 579 688 632 διά
735 580 834 649 τῆς
866 583 1348 653 μεταμορφώσεως
1389 584 1579 650 αὐτοῦ,
1608 602 1737 654 μετ-

180 670 501 740 εστοιχείωσε
559 671 658 742 τὴν
693 671 1007 726 ἀκούσασαν
1050 673 1214 743 φύσιν
1237 715 1251 740 ,
1284 695 1301 727 ι
1335 675 1412 746 Γῆ
1440 671 1508 743 εἴ,
1547 677 1641 730 καὶ
1665 679 1744 741 είς

180 763 274 830 γῆν
299 762 590 834 ἁπελεύσῃ.
633 781 651 813 ι
691 762 863 816 Τοῦτο
895 763 1074 816 τοίνυν
1108 765 1442 835 ἑορτάζομεν
1477 768 1740 838 σήμερον,

180 855 270 923 τὴν
299 854 388 923 τῆς
416 854 632 922 φύσεως
667 853 885 918 θέωσιν,
921 854 1021 927 τὴν
1044 857 1123 920 είς
1151 858 1213 910 τὸ
1242 860 1492 928 κρεῖττον
1521 858 1745 913 ἀλλοίω-

183 956 278 1002 σιν,
310 941 401 1009 τὴν
429 940 523 993 ἐπὶ
547 940 616 995 τὰ
636 941 777 1013 ὑπὲρ
806 943 970 1011 φύσιν
1002 945 1111 1000 τῶν
1135 947 1273 1001 κατὰ
1297 947 1459 1015 φύσιν
1489 947 1746 1004 ἔκστασιν

182 1031 268 1084 καὶ
297 1031 572 1086 ἀνάϐασιν.
606 1033 731 1096 Πῶς
767 1035 861 1088 καὶ
885 1034 1051 1088 πόθεν
1090 1037 1190 1107 τῆς
1214 1035 1356 1090 οὕτω
1385 1038 1626 1108 μεγάλης
1652 1040 1746 1093 καὶ

183 1124 474 1196 ὑπερφυοῦς
512 1126 736 1196 χάριτος
788 1130 869 1191 είς
919 1130 1066 1198 ἡμᾶς
1108 1128 1441 1200 προῖούσης;
1495 1130 1747 1200 ’Υπερνιο

181 1219 351 1288 κώσης
388 1218 464 1288 τῷ
493 1219 638 1290 λόγῳ
677 1220 881 1293 δηλαδὴ
926 1224 988 1276 τὸ
1028 1224 1371 1296 ἀνθρώπινον
1430 1224 1530 1293 τῆς
1569 1226 1748 1278 πάντα

181 1309 294 1362 νοῦν
323 1310 414 1364 καὶ⁵
449 1311 608 1380 λόγον
648 1314 996 1385 ἀσυγκρίτως
1042 1316 1597 1386 ὑπεραναὸεδηκυίας
1625 1315 1749 1368 θεό-

178 1419 328 1472 τητος
346 1419 360 1434 ο
379 1404 472 1456 καὶ
493 1405 698 1474 κυρίως
718 1406 876 1458 τοῦτο
898 1408 1160 1476 ποιούσης
1180 1409 1238 1461 τὸ
1268 1409 1581 1479 χριόμενον,
1606 1406 1750 1461 κατά

179 1496 271 1564 τὴν
306 1497 512 1567 ἀπλανῆ
547 1498 641 1551 καὶ
677 1499 1069 1555 ἀναπόδεικτον
1094 1502 1190 1556 τοῦ
1228 1503 1536 1572 μυστηρίου
1571 1501 1750 1573 παράο

177 1583 332 1649 δοσιν,
362 1585 496 1656 ὅπερ
517 1587 650 1640 αὐτὸ
684 1586 746 1639 τὺ
774 1588 927 1657 χρίον
967 1592 1082 1643 ἐστὶ
1115 1592 1209 1644 καὶ
1253 1591 1614 1662 ὀνομάζεται·
1649 1592 1746 1662 μό-

179 1693 271 1744 νης
301 1678 393 1748 τῆς
427 1680 688 1750 ἀκινήτου
719 1679 1006 1751 διαφορᾶς,
1037 1684 1298 1745 ἀκινήτου
1342 1684 1752 1756 φυλαττομένης

175 1770 250 1838 τῷ
284 1773 582 1844 μυστηρίῳ,
609 1772 695 1827 διὰ
725 1773 823 1846 τὴν
849 1774 1158 1846 ἀσυγχυτον
1180 1777 1390 1843 ἕνωσιν,
1419 1778 1539 1832 καθ’
1567 1779 1632 1848 ἣν
1653 1779 1748 1832 καὶ

1858 583 2165 640 docturus?
2198 585 2424 656 Nempe,
2469 597 2525 639 ιιι
2561 602 2729 657 supra
2763 590 2942 659 fulgur
2977 592 3266 647 micantem
3299 597 3439 653 divi-

1847 679 2038 735 nitatis
2092 694 2205 734 suae
2262 679 2492 750 gloriam
2529 689 2582 735 et
2634 680 2986 751 splendorem
3047 686 3342 741 ostendat:
3379 689 3434 743 in

1847 787 2012 843 quam
2076 770 2242 842 paulo
2336 772 2596 841 superius
2667 789 2873 829 arcana
2943 779 3119 847 magis
3181 781 3434 844 ratione,

1847 867 2011 922 modo
2047 878 2229 921 autem
2275 882 2375 921 sua
2425 868 2776 926 manifestius
2813 871 3300 942 transfiguratione
3337 891 3439 930 na-

1848 963 2030 1009 turam
2104 959 2520 1021 transmutavit,
2593 975 2714 1028 quae
2790 962 3040 1016 audierat
3111 965 3430 1033 quondam:

1855 1065 1873 1098 ι
1914 1047 2085 1101 Terra
2137 1063 2219 1112 es,
2281 1059 2334 1102 et
2387 1049 2438 1102 in
2484 1057 2686 1103 terram
2722 1054 3016 1108 reverteris
3047 1056 3091 1108 ⁸.
3134 1073 3152 1105 ι
3193 1055 3308 1110 lloc
3340 1056 3440 1126 igi-

1851 1144 1937 1190 tur
1980 1137 2241 1192 hodierna
2271 1137 2360 1192 die
2398 1138 2553 1195 festis
2599 1142 2818 1210 gaudiis
2853 1145 3221 1202 celebramus.
3260 1146 3438 1200 Nimi-

1852 1244 1974 1282 rum
2016 1239 2228 1284 natura:
2257 1230 2686 1299 deilieationem,
2733 1236 3093 1291 mutationem
3128 1239 3181 1292 in
3213 1241 3434 1304 melius,

1851 1323 2187 1376 naturalium
2223 1322 2278 1376 in
2313 1321 2366 1376 id
2403 1325 2548 1391 quod
2583 1335 2781 1381 natura
2813 1330 3074 1397 superius
3103 1341 3209 1393 est,
3241 1346 3436 1386 exces-
3487 1389 3490 1392 _

1850 1406 2056 1469 sumet
2092 1429 2410 1469 ascensum.
2485 1415 2589 1482 Qui
2628 1434 2758 1474 vero
2803 1435 2870 1474 ac
2905 1422 3051 1476 unde
3085 1429 3200 1475 tam
3241 1438 3436 1493 magna

1850 1517 1906 1564 et
1935 1508 2206 1563 mirabilis
2265 1510 2656 1581 excellensque
2685 1513 2738 1566 in
2778 1529 2878 1566 nos
2915 1516 3090 1584 gratia
3121 1515 3440 1583 processit?

1852 1598 2021 1654 Plane
2061 1599 2374 1663 divinitate,
2405 1617 2529 1672 quae
2569 1611 2803 1656 mentem
2837 1619 3055 1658 omnem
3090 1620 3436 1660 sermonem-

1855 1706 1984 1761 que,
2021 1706 2085 1745 ac
2123 1692 2392 1745 rationem
2464 1693 2885 1762 incomparabili
2944 1710 3176 1750 excessu
3237 1710 3434 1764 super.

1859 1781 2106 1850 greditur
2138 1800 2150 1836 :
2197 1780 2464 1836 Sermone
2510 1783 2605 1836 illo
2630 1790 2686 1837 et
2714 1782 2915 1850 Verbo,
2947 1787 3096 1855 quod
3137 1787 3436 1844 humanum

177 1862 266 1916 τοῦ
310 1863 615 1936 κρείττονος
659 1867 690 1936 ἡ
729 1867 1037 1939 ὲκνίκησις.
1074 1871 1142 1922 Ἦ
1177 1869 1238 1922 τό
1292 1886 1356 1938 γε
1414 1867 1749 1941 κυριώτερον

1854 1880 1935 1924 est
1984 1869 2315 1926 immensum
2367 1871 2656 1938 vincente;
2713 1889 2776 1928 ac
2816 1873 3057 1932 faciente
3103 1889 3161 1932 ut
3191 1881 3432 1949 proprie,

175 1957 359 2020 εἰπεῖν,
412 1960 444 2029 ή
488 1958 860 2032 ἀνεκλάλητος
926 1961 1150 2026 θέωσις,
1208 1962 1488 2027 ἀπόδειξιν
1543 1962 1750 2033 ταύτην

176 2051 368 2122 ἑαυτῆς
399 2054 780 2125 ἀληθεστάτην
822 2056 1197 2127 παρεχομένη,
1239 2058 1339 2128 τὴν
1379 2057 1750 2128 ὑποστατικὴν

173 2144 278 2195 τῶν
300 2145 658 2199 συνελθόντων
704 2147 932 2214 ἑνότητα
965 2151 1060 2202 καὶ
1093 2151 1424 2219 ταυτότητά,
1474 2151 1542 2220 ἣν
1576 2151 1747 2221 ὑπερ·
1799 2175 1801 2177 ·

175 2237 317 2304 φυῶς
346 2237 504 2306 ῐσμεν
532 2242 907 2312 γεγενημένην
939 2243 997 2308 ἐξ
1023 2242 1194 2311 αὐτῆς
1223 2242 1399 2312 ἄκρας
1421 2243 1750 2313 συμπήξεως

171 2327 265 2380 τοῦ
297 2331 594 2401 μυστηρίου
617 2349 629 2362 ·
662 2333 805 2401 λέγω
837 2333 902 2405 δὴ
931 2335 1054 2388 ὅσον
1083 2334 1220 2405 πρὸς
1251 2335 1398 2404 ἡμᾶς
1426 2335 1626 2388 τείνει·
1657 2335 1752 2388 καὶ

171 2419 268 2490 τὴν
295 2421 438 2474 κάτω
471 2423 565 2475 καὶ
619 2424 688 2477 δι’
715 2426 864 2495 ἡμᾶς
921 2426 1408 2496 ἀκραιφνεστάτην
1437 2424 1532 2478 τοῦ
1573 2425 1749 2493 Λόγου

172 2512 413 2566 σύνθεσιν
448 2517 541 2569 καὶ
590 2517 877 2583 οὑσίωσιν,
912 2517 1008 2571 καὶ
1042 2516 1140 2588 τὴν
1191 2517 1452 2588 δευτέραν
1490 2519 1752 2590 γέννησιν

171 2605 268 2675 τὴν
297 2606 356 2658 ἐκ
391 2605 671 2676 Παρθένου
710 2609 957 2679 Μητρὸς,
988 2610 1084 2663 καὶ
1107 2610 1383 2682 ἀπάτορα.
1411 2612 1575 2665 Ὅθεν
1603 2613 1750 2666 κατά

169 2696 267 2765 τὴν
298 2695 498 2766 ἀψευδῆ
557 2699 664 2750 τῶν
715 2699 984 2768 θεολόγων
1023 2704 1432 2771 μυσταγωγίαν,
1463 2703 1652 2773 ὥσπερ
1689 2704 1746 2770 ἐξ

168 2787 391 2842 ἀεννάου
423 2791 625 2860 πηγῆς,
665 2793 785 2844 κατ’
820 2792 1193 2865 ἀπειρόδωρον
1225 2795 1384 2865 χάριν
1409 2795 1508 2865 τῆς
1534 2795 1747 2865 ἀκηρά-

167 2897 263 2933 του
300 2880 568 2948 θεώσεως,
597 2884 677 2946 είς
701 2883 850 2953 ἡμᾶς
886 2883 948 2936 τὸ
974 2883 1118 2954 μέγα
1157 2886 1373 2957 πρόεισι
1403 2886 1598 2958 δῶρον.
1651 2932 1660 2942 .

1851 1963 2154 2018 secundum
2189 1978 2378 2017 veram
2411 1975 2464 2018 et
2512 1965 3058 2022 indemonstrahilem
3097 1972 3432 2025 sacramenti

1851 2057 2122 2110 rationem
2155 2055 2252 2126 (5),
2292 2055 2344 2110 id
2397 2057 2544 2127 quod
2586 2059 2836 2128 ungitur,
2871 2059 3110 2129 idipsum
3147 2062 3290 2125 quod
3323 2079 3430 2118 un-

1851 2143 1930 2213 git
1957 2146 2028 2199 sit
2059 2159 2124 2197 ac
2169 2143 2432 2199 dicatur:
2490 2155 2549 2200 ut
2580 2148 2702 2201 sola
2756 2148 3052 2205 immobilis
3101 2151 3433 2217 differentia,

1853 2237 2152 2291 immobilis
2203 2251 2266 2291 ac
2305 2239 2456 2292 salva
2508 2247 2724 2295 constet
2779 2255 3154 2309 sacramento,
3211 2255 3436 2314 propter

1849 2327 2197 2383 inconfusam
2267 2329 2549 2385 unionem.
2610 2329 2718 2386 Pro
2769 2333 2931 2402 cujus
2968 2336 3134 2389 etiam
3195 2339 3430 2402 ratione,

1849 2429 1935 2476 est
1967 2421 2198 2491 potioris
2227 2423 2480 2486 victoria,
2515 2423 2620 2488 vel,
2659 2434 2716 2478 ut
2747 2427 2972 2496 proprie
3007 2427 3180 2497 magis
3215 2429 3429 2499 loquar,

1849 2511 2126 2567 deificatio
2172 2511 2517 2567 incﬂ'abilis:
2584 2527 2749 2582 quam
2806 2513 3150 2570 verissimam
3199 2533 3438 2572 εοιιρυτο·

1849 2603 2087 2657 rentium
2137 2604 2270 2657 unio
2305 2604 2656 2674 liypostatica
2688 2619 2753 2659 ac
2807 2606 3092 2672 identitas,
3123 2624 3286 2678 quam
3317 2619 3437 2664 sta-

1855 2697 1950 2749 tim
1983 2709 2012 2747 a
2050 2695 2226 2764 prima
2259 2696 2594 2750 sacramenti
2641 2697 2942 2752 coalitione
2978 2701 3234 2755 novimus
3267 2705 3434 2756 mira-

1852 2787 2040 2842 biliter
2085 2787 2309 2853 factam,
2344 2786 2600 2840 exhibeat
2619 2788 2954 2858 probetque;
2987 2791 3158 2860 quod,
3184 2793 3430 2861 inquam,

1852 2881 1918 2936 ad
1969 2896 2072 2936 nos
2138 2881 2376 2944 attinet;
2462 2881 2664 2950 illaque
2691 2881 2913 2936 humilis
2945 2883 3432 2954 sincerissimaque

171 2971 332 3028 Verbi
387 2985 612 3045 propter
663 2992 766 3032 nos
801 2979 1162 3048 compositio,
1224 2995 1289 3034 ac
1333 2979 1752 3044 substantiatio,
1793 2975 2148 3046 secundaque
2199 2990 2261 3029 ex
2297 2973 2469 3029 Matre
2505 2973 2752 3044 Virgine,
2794 2983 2850 3032 et
2879 2979 2997 3032 sine
3069 2987 3222 3048 patre
3286 2981 3432 3033 nati-

168 3071 331 3125 vitas.
367 3069 543 3135 Unde,
572 3079 632 3124 ut
687 3070 856 3128 habet
901 3088 1029 3128 vera
1085 3074 1470 3144 theologorum
1527 3075 1802 3137 doctrina,
1843 3073 1994 3127 velut
2025 3085 2089 3126 ex
2128 3069 2244 3140 jugi
2279 3068 2448 3134 fonte,
2491 3084 2752 3140 magnum
2803 3071 2936 3124 illud
2969 3072 3172 3126 donum
3241 3075 3294 3128 in
3328 3090 3430 3129 nos

167 3164 434 3233 procedit,
482 3162 645 3219 aliine
670 3167 955 3221 immensa:
1000 3165 1078 3220 illi
1110 3166 1303 3238 gratia:
1333 3167 1590 3239 perfecta
1620 3166 2016 3222 deificationis.

240 3280 402 3333 Τοῦτο
447 3279 821 3350 θαυμάζουσιν
859 3281 1113 3351 ἀγγελοιο
1167 3283 1324 3338 τοῦτο
1363 3285 1732 3354 δοξολογοῦσιν
1757 3275 1802 3334 C

163 3374 490 3446 ἁρχὰγγελοι
512 3391 524 3404 ’
554 3374 728 3445 τούτῳ
767 3375 917 3428 πᾶσα
949 3375 1059 3430 τῶν
1092 3377 1477 3449 ὑπερκοσμίων
1507 3379 1541 3448 ἡ
1579 3377 1743 3448 νοητὴ

160 3465 520 3537 διακόσμησις
576 3466 753 3529 ἀΰλως
793 3467 1116 3537 ἑστιωμένη,
1179 3470 1473 3539 τεκμήριον
1518 3470 1744 3539 ἐναργέ-

166 3559 357 3611 στατόν
383 3575 438 3610 τε
472 3559 569 3611 καὶ
593 3558 991 3627 ἀψευδέστατον
1023 3559 1231 3612 τίθεται
1279 3561 1376 3630 τῆς
1426 3561 1564 3632 ὑπὲρ
1597 3563 1745 3632 ἡμᾶς

160 3649 264 3703 τοῦ
314 3649 486 3718 Λόγου
546 3651 992 3721 φιλανθρωπίας-ο
1037 3645 1103 3723 ἦς
1157 3651 1216 3704 τὸ
1268 3637 1498 3723 ἄπειρον
1555 3653 1744 3706 καὶτὸ

160 3742 416 3812 ἀόριστον
444 3742 681 3810 πέλαγος
713 3742 853 3795 ἑλεῖν
879 3742 1216 3797 ἀδυνατοῦσα
1269 3746 1333 3814 τῇ
1395 3742 1614 3814 θεωρίᾳ,
1647 3743 1744 3814 τὴν

159 3834 543 3905 ἀκαταληψίαν
572 3835 670 3905 τῆς
716 3835 993 3906 θεότητος,
1027 3836 1202 3907 ἀρχὴν
1229 3838 1463 3889 ποιεῖται
1497 3835 1742 3906 μείζονος

159 3927 400 3998 Θεωρίας
452 3928 546 3981 καὶ
592 3927 929 3993 ἀναϐάσεως.
963 3928 1133 3982 Τοῦτο
1188 3930 1281 3982 καὶ
1323 3929 1476 3982 αὐτοὶ
1517 3929 1611 3982 νῦν
1657 3928 1743 3993 ἐξ-

158 4022 356 4089 υμνεῐν
392 4019 693 4089 βουλόμεθα
736 4020 857 4091 μὲν,
889 4021 949 4073 οὐ
990 4019 1266 4090 δυνάμεθα
1300 4020 1356 4073 δὲ
1399 4021 1524 4074 ὅσον
1571 4021 1739 4087 ἀξιον.

160 4110 291 4173 Πῶς
321 4113 454 4182 γάρς
496 4112 629 4164 ὅπου
659 4128 722 4180 γε
755 4111 813 4164 τὸ
850 4113 958 4166 πᾶν
996 4112 1095 4182 τῆς
1131 4113 1418 4186 ὑμνήσεως
1449 4112 1542 4166 καὶ
1574 4113 1739 4181 ἀγγέ-

157 4200 279 4263 λοις
310 4202 618 4268 ἀνέφικτον,
644 4204 752 4264 τοῖς
781 4202 1008 4274 θεωροῖς
1039 4203 1136 4273 τῆς
1162 4201 1386 4274 πρώτης
1423 4203 1744 4275 λαμπρότη-

153 4310 278 4356 τος,
305 4294 398 4347 καὶ
421 4295 548 4363 περὶ
576 4293 745 4364 αὐτὴν
773 4294 1133 4358 ἀδιαλείπτως
1159 4295 1441 4366 χορεύουσι
1465 4294 1562 4366 τὴν
1591 4295 1744 4365 βασι-

153 4387 281 4439 λίδα
314 4386 422 4439 τῶν
471 4387 609 4440 ὅλων
651 4387 912 4457 θεότητα.
966 4387 1058 4456 Μὴ
1104 4388 1185 4441 ὅτι
1215 4405 1278 4457 γε
1311 4387 1436 4452 τοῖς
1475 4387 1744 4455 δεσμίοις

150 4474 273 4542 τῆς
304 4475 435 4546 γῆς,
467 4478 495 4530 ὅ
528 4494 694 4547 φησιν
727 4479 756 4529 ὀ
789 4477 931 4541 θεῖος
969 4477 1238 4548 Ἱερεμίας
1258 4517 1272 4542 ,
1303 4479 1395 4532 καὶ
1422 4472 1503 4540 οἷς
1530 4480 1557 4531 ό
1581 4477 1743 4548 ζόφος

149 4563 318 4629 (οὗτος
377 4567 685 4639 ἑπιπροσθῇ
746 4567 839 4621 τοῦ
903 4567 1179 4640 μοχθηροῦ
1218 4570 1312 4622 καὶ
1357 4567 1614 4624 ταπεινοῦ
1649 4570 1743 4623 καὶ

239 4745 260 4784 τ
297 4745 733 4813 Matth.xvu,2.
839 4747 1028 4804 IGen.
1091 4764 1172 4816 ιιι,
1216 4748 1303 4804 19.

1909 3281 2020 3337 Hoc
2057 3281 2233 3351 angeli
2259 3282 2637 3337 admirantur:
2673 3282 2776 3337 hoc
2826 3285 3131 3354 gloriﬁcant
3196 3287 3429 3342 archan-

1844 3375 1950 3446 geli
1981 3391 1993 3428 :
2026 3373 2129 3428 hoe
2164 3375 2309 3428 velut
2341 3374 2501 3443 epulo
2534 3375 2775 3431 universi
2815 3380 3287 3447 supercmlestium
3313 3385 3436 3449 spi-

1845 3465 2034 3520 ritales
2060 3465 2290 3520 ordines
2332 3467 2652 3535 spiritaliter
2679 3467 3019 3535 deliciantes,
3047 3474 3430 3542 perspicuissi-

1845 3575 1994 3613 mum
2024 3573 2087 3613 ac
2121 3559 2473 3614 verissimum
2502 3559 2697 3614 divina:
2734 3561 2786 3615 in
2818 3578 2920 3617 nos
2979 3562 3144 3619 Verbi
3190 3581 3430 3634 propen-

1846 3649 2019 3705 sionis
2077 3658 2456 3720 argumentum
2547 3661 2776 3721 ponunt,
2871 3654 3027 3724 cujus
3097 3657 3424 3711 immensum

1846 3741 2119 3811 nullisque
2174 3743 2423 3797 clausum
2479 3743 2670 3813 spatiis
2708 3744 2955 3815 pelagus,
3003 3761 3124 3800 cum
3155 3758 3425 3816 nequeant

1845 3833 2270 3902 contemplanda
2315 3847 2528 3902 capere,
2581 3834 2883 3891 divinitatis
2916 3837 3424 3906 incomprehensio-

1845 3941 1968 3981 nem
2011 3925 2234 3995 majoris
2275 3927 2760 3995 contemplationis
2799 3942 3177 4000 ascensusque
3204 3931 3420 3984 initium

1847 4017 2087 4072 faciunt.
2157 4018 2272 4072 Hoc
2330 4026 2384 4071 et
2441 4018 2576 4094 ipsi.
2612 4019 3110 4089 impraesentiarum
3166 4023 3420 4078 volumus

1845 4110 2062 4180 quidem
2097 4110 2315 4181 hymnis
2347 4111 2600 4181 prosequi
2643 4126 2706 4166 ac
2739 4113 3038 4179 celebrare,
3075 4121 3129 4168 at
3158 4129 3264 4168 non
3291 4129 3414 4185 pos-

1844 4220 2035 4260 sumus
2067 4215 2328 4274 quantum
2366 4191 2451 4259 res
2484 4206 2644 4275 petit.
2703 4206 2804 4272 Qui
2832 4207 3023 4262 enim?
3063 4208 3282 4278 quando
3318 4223 3429 4263 ner

1843 4295 2071 4366 angelis,
2098 4295 2262 4364 primi
2297 4294 2444 4349 illius
2489 4295 2796 4365 splendoris
2826 4297 3416 4366 speculatoribus,qui-

1843 4403 1948 4458 que
1973 4386 2179 4457 jugiter
2225 4387 2433 4441 circum
2467 4386 2639 4456 ipsam
2673 4386 2919 4456 reginam
2950 4388 3196 4440 omnium
3233 4386 3415 4441 Deita-

1843 4487 1950 4533 tem
2001 4478 2202 4532 choros
2256 4485 2469 4546 agunt,
2526 4492 2853 4532 concessum
2910 4486 2994 4533 est
3063 4487 3122 4532 ut
3177 4493 3240 4531 ex
3301 4485 3419 4530 toto

1841 4569 2196 4628 celebrarint.
2246 4567 2485 4624 Tantum
2521 4569 2674 4626 abest
2704 4576 2762 4624 ut
2793 4569 3204 4626 sitconcessum
3229 4568 3417 4622 vinctis

1432 4890 1822 4950 COMBEFISII
1847 4891 2075 4950 NOTIE.

232 4981 315 5047 (4)
348 4978 413 5032 Ut
444 4981 674 5055 proprie,
703 4982 991 5036 secundum
1025 5000 1203 5037 veram
1221 4993 1278 5055 et
1305 4982 1755 5038 indemonstrabi-
1789 4989 1832 5044 D
1859 4987 2056 5055 dogma
2083 4983 2445 5052 sequentibus
2477 4983 2830 5054 perstringit;
2869 4984 3190 5040 acutissime
3249 4985 3420 5054 expli-

141 5055 286 5112 lem,
314 5059 426 5105 etc.
446 5053 858 5106 Ἀναπόδεικτον
885 5055 1203 5122 παράδοσιν.
1259 5053 1428 5108 Plane
1469 5056 1751 5108 indemon--

143 5123 417 5178 strabilis
475 5123 806 5194 sacramenti
867 5124 1115 5189 traditio,
1171 5126 1223 5178 in
1270 5139 1380 5194 quo
1449 5134 1561 5178 tota
1620 5123 1750 5179 facti

143 5196 310 5265 ratio
347 5194 448 5265 sit-
481 5193 728 5265 potentia
779 5192 1073 5265 facientis;
1111 5209 1175 5248 ex
1205 5192 1312 5265 qua
1345 5196 1619 5249 excellens
1657 5197 1749 5249 illa

140 5261 484 5316 divinitatis
520 5261 774 5334 victoria,
805 5261 1286 5334 nonidemutantis
1311 5278 1339 5316 a
1365 5279 1460 5318 sua
1495 5267 1749 5334 proprie-

141 5342 278 5386 tate
313 5343 574 5386 naturam
608 5333 698 5386 cui
730 5334 784 5386 in
818 5332 1000 5388 Verbo
1041 5334 1253 5398 unitur,
1284 5335 1377 5389 sed
1414 5332 1746 5391 immensum

137 5404 220 5457 ad
251 5418 322 5482 _se
360 5412 415 5457 et
459 5418 556 5456 sua
618 5403 909 5485 trahentis,
970 5401 1258 5485 Xerboque
1321 5405 1752 5485 apprOpria_n_tis,

139 5481 211 5526 ut
241 5473 368 5544 jam
421 5487 529 5526 non
561 5487 656 5544 sua
689 5473 783 5539 sit,
817 5473 910 5529 sed
971 5472 1368 5544 Verbi,‘eoque
1393 5472 1571 5543 ipsum
1609 5477 1750 5529 idem

137 5543 419 5612 proprie,
457 5543 604 5614 quod
636 5543 774 5611 ipsa,
807 5559 1124 5614 quanquam
1149 5548 1201 5597 in
1245 5543 1506 5599 cencreto
1535 5562 1548 5598 :
1585 5544 1749 5610 Deus,

135 5618 422 5682 inquam,
458 5613 770 5669 substantia
810 5626 864 5669 et
893 5613 1110 5678 natura,
1143 5631 1249 5669 non
1306 5622 1519 5669 tantum
1590 5615 1748 5670 habi-

133 5683 365 5737 tudine
412 5692 468 5736 et
524 5683 727 5753 σχέσει,
778 5699 882 5753 qua
940 5694 994 5738 et
1058 5685 1163 5754 ipsi
1221 5685 1458 5739 dicimur
1513 5685 1587 5738 dii
1651 5701 1745 5754 per

124 5755 406 5823 gratiam
445 5773 456 5806 :
496 5755 642 5823 quod
667 5762 879 5808 tantum
925 5757 1118 5809 nititur
1169 5756 1417 5809 Andreas
1470 5767 1740 5816 astruere.

121 5841 263 5881 non
283 5825 603 5896 quidquam
630 5823 986 5896 Eutychianis
1011 5825 1214 5892 favere,
1237 5841 1470 5897 quorum
1491 5827 1742 5881 insanum

1857 5067 1978 5111 cata
2035 5056 2306 5109 catholica
2362 5056 2615 5117 veritate,
2660 5058 2800 5109 utin
2833 5071 2898 5110 eo
2935 5056 3255 5116 habeamus,
3313 5072 3420 5108 non

1857 5129 2035 5183 solum
2071 5125 2332 5179 flosculos
2357 5126 2447 5194 qui
2481 5135 2749 5192 recreent,
2807 5127 2902 5180 sed
2932 5134 2986 5180 et
3019 5126 3422 5180 maturissimos

1857 5197 2147 5252 divinioris
2173 5196 2457 5266 theologia:
2489 5197 2824 5266 fructus,‘qui
2856 5206 3085 5265 pascant
3119 5197 3240 5249 :vix
3274 5205 3425 5248 cette

1856 5267 2165 5338 prodierint
2203 5267 2548 5338 meditatoria
2587 5268 2718 5338 περὶ
2764 5267 3100 5338 οίκονομίας,
3142 5277 3198 5319 ιιι
3230 5267 3424 5338 pain-is

1854 5335 2015 5393 lineis
2079 5345 2253 5391 totum
2284 5337 2395 5391 fere
2429 5337 2636 5406 grande
2664 5335 2811 5392 illud
2844 5335 3273 5399 sacramentum,
3301 5335 3424 5388 elle-

1852 5419 2109 5478 ctumque
2170 5407 2290 5475 ejus
2334 5408 2388 5462 iu
2438 5405 2648 5471 nobis,
2711 5409 2797 5461 vir
2862 5409 3105 5478 apprime
3140 5405 3423 5473 theologus

1849 5477 2186 5548 expresserit
2221 5495 2233 5530 :
2263 5478 2379 5546 ipse
2427 5479 2563 5532 satis
2593 5493 2892 5548 expressus
2914 5487 2966 5531 et
2995 5477 3178 5548 clarus
3201 5515 3213 5532 .
3244 5490 3423 5543 quan-

1849 5545 2012 5618 quam
2085 5545 2352 5619 profunde
2412 5545 2756 5619 'Ilieologus,
2815 5548 2977 5619 modo
3009 5545 3192 5600 versio
3232 5553 3421 5619 nostra

1849 5616 1986 5674 nihil
2015 5616 2136 5688 ejus
2166 5618 2403 5674 claritati
2437 5616 2704 5674 olfecerit.
2740 5616 3418 5688 Longiorcommentatio,

1851 5706 2014 5762 quam
2045 5685 2167 5762 fere
2204 5703 2363 5745 voces
2384 5689 2611 5762 singula:
2641 5685 2914 5762 peterent,
2957 5687 3186 5743 alterius
3210 5685 3423 5739 videtur

1853 5761 2112 5817 instituti.
