4236 6440
250 381 350 444 937

1234 375 1312 434 ΙΝ
1337 371 1768 435 TRANSFIGU
1782 369 2180 430 RATIONEM
2221 365 2522 427 DOMINI.

3403 371 3505 434 932

250 493 375 546 πίδα
404 491 500 562 τῆς
535 489 832 554 ἐποπτείας
864 489 894 560 ἢ
948 489 1178 560 εὐωχίας
1204 531 1218 553 ,
1257 491 1289 563 ἢ
1321 491 1422 544 οὐκ
1452 488 1565 544 οἶδα
1604 491 1632 542 6
1657 508 1708 544 τι
1734 493 1826 543 καὶ

1899 549 1900 552 η
1933 485 2332 556 praesriteritmt
2362 483 2484 536 inde
2517 482 2678 551 hujus
2710 481 2825 537 sive
2855 481 3215 553 inspectionis
3245 486 3359 542 sive
3379 504 3511 542 cm:-

249 581 354 651 χρὴ
381 581 582 650 λέγειν,
603 579 678 650 τῷ
698 579 918 650 μεγέθει
941 580 1038 651 τῆς
1069 582 1311 651 χάριτος,
1337 584 1430 634 καὶ
1454 581 1704 650 γλῶσσαν
1737 583 1829 634 καὶ

249 670 487 724 διάνοιαν
521 669 923 742 ἐκνικώμενος,
967 670 1179 724 ἐνθένδε
1229 674 1577 743 ποιήσασθαι.
1640 675 1698 726 Ὀ
1731 676 1829 744 μὲν

249 758 341 816 οὖν
378 764 655 827 hia-riian;
680 764 768 816 τὸν
797 766 1000 834 Κύριον
1034 767 1244 834 εἰσάγει
1282 770 1394 830 τοῖς
1426 769 1695 839 μαθηταῖς
1728 769 1831 837 φά-

251 872 448 910 σκοντα
479 857 682 922 οὕτως·
729 877 746 910 ι
796 860 968 929 Ἀμὴν
997 858 1140 926 λέγω
1196 861 1354 928 ὑμῖν,
1396 860 1501 913 εἰσί
1545 877 1687 924 τινες
1720 861 1830 914 τῶν

250 942 352 1000 ὧδε
383 947 652 1009 ἑστώτων.
689 950 880 1012 οἵτινες
907 952 968 1004 οὐ
1001 951 1076 1021 μὴ
1105 951 1395 1017 γεύσονται
1440 952 1694 1014 Θανάτου,
1725 954 1830 1017 ἕως

251 1039 315 1091 ἂν
350 1040 499 1093 ἴδωσι
551 1043 641 1094 τὸν
691 1043 818 1094 Υίδν
849 1042 944 1096 τοῦ
1001 1043 1291 1113 ἀνθρώπου
1329 1045 1622 1113 ἐρχόμενον
1672 1046 1730 1099 ἐν
1761 1049 1828 1116 τῇ

253 1131 499 1204 βασιλείᾳ
527 1132 712 1187 αὐτοῦ.
757 1135 866 1188 Καὶ
897 1134 1014 1204 μεθ’
1048 1135 1260 1206 ἡμέρας
1309 1135 1369 1200 ἒξ
1408 1137 1830 1207 παραλαμϐάνει

249 1223 278 1274 6
319 1223 524 1293 Ἰησοῦς
563 1224 653 1276 τὸν
685 1223 912 1295 Πέτρον,
964 1224 1058 1276 καὶ
1089 1225 1348 1278 Ἰάκωϐον
1375 1267 1390 1292 ,
1440 1227 1533 1279 καλ⁴
1575 1226 1831 1297 Ἰωάννην

248 1314 592 1382 τδνάδελφὸν
627 1316 811 1380 αὑτοῦ,
863 1316 958 1368 καὶ
1015 1318 1276 1386 ἀναφέρει
1331 1318 1528 1382 αὐτοὺς
1575 1319 1655 1382 είς
1705 1319 1829 1389 ὅρος

251 1405 454 1475 ὑψηλὸν
482 1410 600 1459 κατ’
629 1407 786 1470 ίδίαν,
821 1409 914 1460 καὶ
953 1409 1352 1479 μετεμορφώθη
1389 1409 1701 1480 ἔμπροσθεν
1735 1411 1830 1463 a6-

248 1498 377 1550 τῶν.
409 1499 516 1550 Καὶ
537 1499 777 1568 ἔλαμψεν
806 1498 867 1552 τὸ
897 1500 1188 1569 πρόσωπον
1216 1501 1380 1554 αὑτοῦ
1400 1503 1477 1565 ὼς
1509 1505 1535 1556 6
1564 1502 1732 1572 ἥλιος,
1763 1504 1831 1557 τὰ

248 1587 304 1640 δὲ
336 1589 525 1656 ἱμάτια
566 1589 731 1644 αὑτοῦ
763 1589 979 1657 ἐγένετο
1008 1590 1195 1656 λευκά,
1232 1592 1307 1656 ὡς
1335 1593 1396 1646 τὸ
1434 1595 1568 1662 φῶς.
1611 1613 1627 1644 ι
1671 1597 1779 1648 Καὶ
1803 1599 1830 1647 6

249 1679 472 1748 Μάρκος
494 1680 548 1732 δὲ
571 1680 658 1733 διὰ
678 1679 786 1734 τῶν
816 1681 996 1734 αὐτῶν
1029 1682 1174 1752 ἵησιν
1193 1683 1268 1746 ὼς
1301 1683 1369 1736 τὰ
1393 1685 1559 1739 πολλὰ
1577 1685 1653 1755 τῷ
1677 1688 1830 1739 Ma:-

241 1769 388 1840 θαίῳ
416 1785 427 1798 ·
466 1773 558 1823 καὶ
601 1774 810 1843 ῥήμασι
859 1773 955 1825 καὶ
1004 1775 1236 1844 νοήμασι
1290 1774 1390 1845 τὴν
1435 1777 1570 1845 πρὸς
1621 1778 1829 1829 ἐκεῖνον

250 1863 495 1930 στέργων
542 1864 836 1927 οίκείωσιν,
897 1865 973 1926 ὼς
1003 1865 1096 1918 καὶ
1139 1864 1216 1934 τῷ
1241 1865 1390 1936 αὐτῷ
1419 1867 1693 1938 Πνεύματι
1729 1869 1827 1939 τὴν

244 1949 423 2020 ψυχὴν
483 1953 877 2022 ὲμπνεὸμενος,
924 1953 1020 2006 καὶ
1061 1953 1401 2023 τυπούμενος
1435 1956 1534 2023 τὴν
1570 1955 1830 2011 διάνοιαν.

249 2043 308 2094 Εί
345 2044 398 2095 δὲ
430 2044 525 2096 καὶ
557 2045 751 2114 μικρόν
776 2062 826 2098 τι
853 2045 1188 2100 διαλλάττειν
1219 2046 1341 2099 καθ’
1373 2047 1434 2099 ἒν
1472 2047 1536 2117 δὴ
1565 2047 1768 2100 τούτων
1798 2049 1829 2118 ἢ

247 2135 370 2187 κατ’
428 2138 717 2208 ἀμφότερα
750 2137 977 2201 δόξειεν,
1019 2137 1132 2190 ἀλλ’
1189 2139 1288 2192 οὐκ
1341 2141 1674 2211 ἐναντιότης,
1710 2141 1831 2194 οὐδὲ

251 2225 399 2296 μάχη
436 2227 596 2280 τοῦτο
640 2228 777 2297 πρὸς
829 2231 1071 2294 ἐκεῖνον,
1107 2229 1139 2300 ἢ
1181 2231 1305 2293 τοὺς
1347 2231 1542 2295 ἄλλους
1587 2233 1760 2286 ἐστίν’
1796 2233 1829 2304 ἢ

249 2317 359 2388 γὰρ
394 2319 564 2391 ἑτέρῳ
589 2321 773 2391 τρόπῳ
797 2321 942 2375 κατὰ
983 2322 1084 2393 τὴν
1129 2324 1329 2392 φράσιν
1365 2325 1612 2394 ἀψευδῶς
1636 2329 1703 2379 τὰ
1736 2344 1833 2379 πε-

250 2412 544 2480 πραγμένα
602 2412 888 2482 δηλοῦντες
943 2414 1069 2486 (ἵνα
1120 2416 1354 2469 συνελὼν
1407 2419 1756 2489 φιλοσοφήσω
1778 2437 1826 2472 τι

251 2494 380 2574 περὶ
407 2507 610 2561 τούτων
628 2507 704 2578 )ἢ
739 2510 806 2562 τὰ
859 2511 1172 2580 παρειμένα
1223 2512 1360 2584 πρὸς
1403 2513 1557 2568 τοῦδε
1601 2516 1761 2584 τυχὸν
1795 2514 1827 2584 ἢ

249 2594 402 2648 τοῦδε
433 2596 539 2650 τῶν
573 2599 997 2667 εὐαγγελιστῶν,
1022 2603 1229 2665 ἐκεῖνος
1255 2604 1286 2673 ἢ
1318 2597 1494 2668 οὗτος,
1522 2605 1554 2675 ἢ
1583 2606 1674 2658 καὶ
1706 2605 1828 2658 τού-

250 2701 360 2740 των
407 2688 538 2741 ἔνιοι
601 2691 1012 2760 παραδιδόντες,
1063 2693 1348 2762 διαφωνεῖν
1397 2696 1667 2760 δοκοῦσιν,
1708 2695 1828 2751 οὖδὶ

251 2781 392 2834 κατὰ
425 2782 618 2852 μικρὸν
645 2783 897 2852 ἀλλήλοις
921 2786 1404 2854 άντεπεξάγοντες.
1459 2789 1544 2850 ’ος
1567 2789 1688 2842 οὔτε
1714 2808 1827 2843 κοι-

248 2870 356 2935 νῶς
383 2873 508 2942 ἑξῆς
542 2875 802 2936 ἅπαντες,
829 2876 950 2928 οὔτε
990 2879 1096 2947 ίδία
1138 2879 1247 2930 τῶν
1280 2882 1563 2952 τεσσάρων
1592 2884 1710 2935 οὐδὲ
1745 2879 1826 2948 εἷς

246 2966 494 3036 γέγραφε
533 2967 726 3031 πάντα,
757 2970 855 3022 ὅσα
888 2974 1032 3025 κατὰ
1065 2974 1162 3041 τὴν
1193 2974 1474 3043 ἄφραστον
1514 2977 1826 3046 οἰκονομίαν

251 3058 389 3123 μετὰ
412 3057 615 3125 σαρκὸς
642 3059 670 3108 6
697 3060 867 3125 Λόγος
897 3063 1216 3132 πεποίηκεν,
1263 3066 1291 3115 6
1328 3065 1618 3135 λεγόμενος
1667 3066 1822 3136 σὰρξ,

248 3150 341 3200 καὶ
396 3149 469 3220 μὴ
517 3149 687 3202 λιπὼν
721 3151 780 3203 τὸ
804 3147 944 3205 εἶναι
975 3153 1106 3216 Θεὸς
1135 3172 1147 3184 ·
1180 3156 1357 3208 καίτοι
1402 3173 1463 3223 γε
1509 3159 1709 3210 σκοπὸν
1729 3159 1826 3212 Eva

245 3238 347 3308 τὴν
377 3239 632 3309 ἀλήθειαν
661 3243 708 3293 oi
732 3243 997 3312 τέσσαρες
1031 3245 1267 3314 ἔχοντες,
1295 3249 1390 3299 καὶ
1423 3250 1483 3300 τὸ
1522 3251 1640 3302 ὅλον
1667 3249 1827 3304 δυνά-

248 3349 343 3400 μει
381 3333 468 3385 διὰ
495 3333 587 3386 τοῦ
641 3335 842 3405 μέρους
895 3335 1301 3406 περιληπτικῶς
1357 3343 1824 3409 συνεκφαίνοντες.

244 3419 353 3477 Οῗα
378 3425 635 3488 πολλάκις
659 3428 872 3493 γίνεται
888 3427 978 3480 διὰ
996 3430 1093 3499 τὴν
1111 3430 1247 3499 πρὸς
1272 3430 1475 3502 ἄλληλα
1502 3434 1608 3486 τῶν
1630 3435 1826 3502 λογίων

245 3516 341 3568 τοῦ
375 3517 695 3588 Πνεὺματος
727 3521 1049 3588 συμφωνίαν
1072 3523 1163 3574 καὶ
1195 3524 1480 3594 ἁρμονίαν,
1519 3529 1611 3580 καὶ
1641 3523 1727 3581 οἷα
1753 3529 1828 3592 ὠς

245 3611 308 3661 ὲν
336 3609 414 3661 ἑνὶ
449 3609 662 3680 σώματι
687 3613 864 3681 μελῶν
886 3612 1063 3683 δίκην,
1093 3616 1176 3682 ἐφ’
1208 3618 1458 3687 ἁρμογήν
1488 3637 1544 3672 τε
1582 3623 1675 3674 καὶ
1702 3621 1826 3674 σύν-

246 3699 398 3752 Θεσιν
429 3701 488 3753 τὸ
522 3704 744 3771 συνεχὲς
796 3703 1082 3759 ἀδιάλυτον
1131 3709 1428 3778 φέρουσαν.
1462 3712 1747 3781 Μαρτυρεῖ
1773 3712 1828 3766 δὲ

242 3794 314 3861 τῇ
346 3793 576 3865 ἀληθεία
603 3795 710 3848 τῶν
734 3796 1063 3866 λεγομένων,
1092 3801 1152 3851 οὐ
1183 3800 1249 3852 τὰ
1287 3802 1430 3865 ίδίως
1459 3805 1587 3872 παρῗ
1620 3807 1826 3871 αὐτοῖς,

243 3882 281 3949 ἢ
309 3883 436 3952 παρ’
461 3883 624 3946 ἐνίοις
658 3884 836 3937 αὐτῶν
872 3887 1237 3958 εὑρισκόμενα
1275 3890 1456 3958 μόνον,
1494 3892 1633 3944 ἀλλὰ
1674 3893 1767 3946 καὶ
1801 3897 1829 3947 6

246 3972 455 4043 ὑψηλὸς
504 3973 782 4046 Ἰωάννης,
838 3978 961 4032 κατ’
1010 3978 1141 4032 αὐτὸ
1170 3979 1232 4050 δὴ
1263 3981 1356 4033 τοῦ
1407 3984 1740 4052 Εὑαγγελίου
1769 3985 1828 4037 τὸ

243 4062 422 4132 πέρας
447 4066 734 4134 γενόμενος
757 4083 769 4096 ο
807 4083 824 4117 ι
874 4068 1026 4120 Ἔστι
1056 4069 1113 4121 δὲ
1139 4073 1227 4123 καὶ
1259 4072 1391 4125 ἄλλα
1417 4073 1608 4138 πολλὰ,
1639 4077 1824 4145 φησὶν,

238 4155 280 4208 ἃ
307 4157 565 4226 ἐποίησεν
599 4159 626 4209 ὁ
671 4159 897 4227 Ἰησοῦς,
952 4161 1109 4215 ἅτινα
1142 4164 1237 4216 ἐὰν
1273 4166 1552 4236 γράφηται
1597 4167 1719 4220 καθ’
1747 4167 1824 4230 ἓν,

237 4247 367 4301 οὐδὲ
395 4251 558 4303 αὑτὸν
592 4247 746 4322 οἶμαι
777 4254 867 4306 τὸν
891 4255 1093 4325 κόσμον
1124 4258 1371 4328 χωρῆσαι
1403 4261 1471 4312 τὰ
1506 4261 1826 4331 γραφόμενα

238 4339 451 4409 βιϐλία.
488 4363 505 4393 ι
547 4345 626 4396 Τὰ
656 4347 794 4398 αὐτὰ
827 4346 881 4400 δὲ
925 4349 1019 4400 καὶ
1056 4351 1186 4419 περὶ
1234 4351 1328 4403 τοῦ
1363 4353 1552 4404 Λουκᾶ
1583 4353 1821 4418 λέξεται,

232 4434 306 4496 ὃς
334 4451 397 4502 γε
425 4435 488 4504 δὴ
519 4437 618 4503 τῆς
647 4441 1130 4510 μεταμορφώσεως
1159 4442 1259 4512 τὴν
1284 4447 1445 4514 χάριν
1469 4447 1826 4516 ἐκδιηγούμε-

234 4542 336 4587 νος
383 4527 579 4596 φησίν·
618 4549 637 4581 ‹
685 4531 931 4598 Ἐγένετο
954 4533 1009 4585 δέ
1043 4534 1181 4602 μετὰ
1214 4539 1342 4598 τοὺς
1369 4537 1563 4603 λόγους
1600 4537 1824 4601 τούτους
1859 4569 1900 4622 D

227 4617 378 4670 ὡσεὶ
406 4621 610 4690 ἡμέραι
646 4623 825 4674 ὀκτώ·
875 4625 967 4678 καὶ
1009 4626 1342 4694 παραλαϐὼν
1382 4629 1410 4680 6
1465 4629 1672 4698 Ἰησοῦς
1720 4631 1824 4684 Πέ-

227 4725 395 4776 τρον,
428 4713 523 4762 καὶ
568 4711 846 4780 Ἰάκωϐον,
879 4716 972 4767 καὶ
1016 4717 1294 4786 Ἰωάννην,
1323 4718 1488 4787 ἀνέϐη
1519 4720 1597 4781 είς
1620 4720 1680 4772 τὸ
1705 4720 1829 4791 ὃρος

231 4801 669 4868 προσεύξασθαι.
695 4823 788 4853 ι-
813 4823 830 4855 ι
857 4805 1124 4873 Ἐγένετο,
1154 4810 1306 4876 φησὶ,
1332 4812 1470 4878 μετά
1491 4811 1616 4873 ἰτοὺεο⁹
1636 4811 1829 4879 λόγους

233 4891 470 4955 τούτους
500 4893 633 4945 ὡσεὶ
663 4895 867 4964 ἡμέραι
899 4898 1062 4950 ὀκτώ.
1104 4918 1120 4951 ι
1151 4899 1214 4950 Τί
1245 4917 1372 4953 ποτε
1398 4902 1550 4970 δρᾷς,
1580 4896 1624 4954 ὦ
1653 4901 1828 4971 μύστα

229 4985 354 5039 τῶν
389 4989 750 5060 άπορῤήτων;
780 4990 843 5041 Τί
868 4989 1067 5058 λέγεις,
1099 5009 1117 5042 ι
1149 4992 1405 5059 Ἐγένετο
1433 4994 1573 5062 μετὰ
1592 4996 1718 5057 τοὺς
1743 4995 1828 5047 λόο

225 5093 374 5146 γους
392 5080 613 5142 τούτους
635 5081 765 5133 ὡσεί
788 5081 993 5151 ἡμέραι
1015 5083 1193 5148 δκτὼ;
1223 5104 1240 5134 ι
1266 5085 1458 5146 Καιναί
1474 5087 1550 5138 ’ἂν
1575 5088 1823 5157 ποιήσαι-

228 5185 369 5241 μεν,
392 5171 484 5224 τοῦ
501 5172 732 5242 Μάρκου
767 5175 860 5224 καὶ
886 5173 979 5226 τοῦ
1015 5173 1299 5226 Ματθαίου
1323 5175 1387 5226 δι’
1413 5177 1528 5240 ένὸς
1558 5179 1824 5248 στόματος

221 5257 361 5316 οἷον
400 5263 650 5331 ἀλλήλοις
697 5263 1206 5334 συμφθεγγομένων
1238 5269 1330 5317 καὶ
1378 5267 1602 5320 τοιαῦτα
1641 5269 1824 5338 λεγόν-

217 5369 380 5407 των·
425 5372 440 5404 ι
474 5355 580 5405 Καὶ
609 5355 726 5424 μεθ’
758 5357 969 5424 ἡμέρας
999 5356 1076 5421 ἓξ,
1114 5358 1582 5428 παραλαμϐάνει
1619 5362 1824 5431 Ἰησοῦς

213 5447 336 5500 τὸν
361 5448 584 5516 Πέτρον,
621 5450 713 5501 καὶ
755 5450 1030 5513 Ἰάκωϐον,
1065 5454 1157 5505 καὶ
1193 5453 1443 5522 Ἰωάννην
1473 5455 1565 5506 τὸν
1599 5456 1824 5523 ἀδελφὸν

219 5539 444 5595 αὐτοῦ·
481 5542 574 5592 καὶ
607 5543 880 5612 ἀναφέρει
912 5546 1110 5606 αὐτοὺς
1167 5548 1244 5608 εἰς
1299 5548 1422 5616 ὃρος
1472 5548 1672 5616 ὑῂλὸν
1704 5550 1822 5601 κατ’

221 5630 406 5696 ιδίαν,
438 5633 531 5685 καὶ
584 5635 980 5704 μετεμορφώθη
1032 5637 1339 5708 ἕμπροσῦεν
1371 5639 1545 5690 αὐτῶν
1578 5657 1594 5708 ;
1635 5658 1650 5688 ι
1685 5641 1824 5706 Ναὶ,

320 5824 346 5847 ⁸·
409 5807 601 5864 Matth.
644 5827 752 5876 xvt,
808 5811 912 5876 28;
979 5829 1110 5875 xvtt,
1151 5815 1197 5872 l,
1231 5815 1282 5867 εὶ.

571 5907 840 5966 ΡΑτιιοι..
876 5910 989 5966 Gn.
1027 5908 1262 5967 XCVII.

1371 5814 1714 5884 iJoan.1xu
1761 5818 1850 5872 93.

1930 577 2080 642 vivii,
2115 588 2206 629 aut
2249 576 2434 630 nescio
2487 589 2595 644 quo
2657 574 2886 629 debeam
2947 578 3172 633 nomine
3233 581 3509 649 appellare

1932 668 2034 737 (sic
2061 677 2113 722 ct
2145 667 2382 737 linguam
2410 676 2465 721 et
2495 675 2734 722 mentem
2767 679 2993 739 superat
3047 673 3241 741 gratize
3297 675 3502 742 magni-

1931 757 2107 827 tudo),
2128 757 2464 825 crepidinem
2494 772 2558 810 ac
2587 757 3002 813 fundamentum
3027 761 3336 829 jaciamus.
3373 763 3511 816 Mat-

1931 849 2103 903 tlneus
2157 864 2287 918 ergo
2352 850 2430 903 sic
2487 849 2781 905 Dominum
2839 853 3148 921 loquentem
3225 857 3514 927 discipulis

1929 939 2181 993 inducit:
2219 959 2236 991 ι
2283 939 2452 995 Amen
2485 941 2612 996 dico
2645 945 2819 1008 vobis,
2861 954 2989 1000 sunt
3012 946 3232 1016 quidatn
3304 949 3372 1002 de
3424 951 3516 1003 hic

1931 1031 2228 1094 stantibus,
2266 1031 2358 1100 qui
2409 1046 2520 1085 non
2562 1034 2861 1101 gustabunt
2914 1045 3185 1104 mortem,
3219 1038 3395 1094 donec
3431 1043 3508 1093 vi-

1931 1122 2092 1176 deant
2130 1120 2324 1176 Filium
2370 1123 2610 1177 hominis
2667 1126 2971 1179 venientem
3049 1129 3101 1181 in
3168 1145 3336 1200 regno
3391 1147 3512 1187 suo.

1932 1215 1997 1268 Et
2031 1224 2155 1284 post
2182 1215 2299 1270 dies
2327 1230 2419 1269 sex
2451 1217 2683 1271 assumit
2726 1214 2890 1273 Jesus
2940 1219 3185 1289 Petrum,
3249 1234 3303 1279 et
3350 1223 3510 1280 Jaco-

1932 1305 2080 1371 bum,
2107 1315 2159 1360 et
2183 1301 2444 1359 Joannem
2468 1306 2696 1363 fratrem
2717 1310 2859 1378 ejus,
2879 1321 2935 1364 et
2952 1313 3104 1367 ducit
3132 1315 3255 1371 illos
3281 1318 3333 1370 in
3359 1334 3515 1372 mou-

1932 1404 2037 1450 tem
2066 1399 2346 1452 excelsum
2381 1412 2629 1452 seorsum
2663 1416 2675 1451 :
2737 1408 2790 1454 et
2827 1403 3250 1473 transfiguratus
3277 1418 3359 1462 est
3390 1418 3514 1461 ante

1930 1503 2024 1544 eos
2053 1528 2064 1540 .
2089 1488 2151 1541 Et
2178 1489 2514 1559 resplenduit
2552 1491 2720 1547 facies
2746 1494 2865 1562 ejus
2889 1497 3030 1550 sicut
3053 1498 3135 1552 sol
3161 1515 3173 1552 :
3216 1507 3515 1557 vestimen-

1933 1592 1984 1634 ta
2010 1593 2187 1636 autem
2225 1585 2342 1653 ejus
2378 1584 2516 1638 facta
2547 1593 2674 1640 sunt
2702 1588 2955 1654 candida,
2986 1591 3131 1645 sicut
3183 1593 3368 1650 lumen
3396 1593 3444 1649 δ.
3489 1615 3506 1647 ο

1933 1672 2038 1727 Sed
2065 1685 2116 1728 et
2159 1673 2373 1728 Marcus
2404 1675 2598 1730 iisdem
2636 1677 2749 1731 fere
2770 1685 2932 1747 atque
2958 1678 3240 1736 Matthmus
3265 1686 3512 1757 vestigiis

1933 1765 2200 1834 graditur,
2225 1765 2518 1835 quamdam
2554 1781 2676 1820 cum
2699 1782 2767 1821 eo
2793 1778 2844 1823 et
2869 1769 3056 1825 verbis
3084 1781 3137 1824 et
3162 1774 3343 1829 sensis
3369 1780 3512 1831 velut

1870 1854 2200 1923 Baﬂ'ectaus
2264 1855 2752 1922 necessitudinem,
2818 1860 2964 1913 velut
3030 1861 3220 1917 eodem
3305 1863 3510 1935 Spiritu

1934 1944 2152 2000 amante
2183 1945 2448 2010 animum,
2476 1961 2538 2000 ac
2583 1955 2817 2002 tuentem
2847 1948 3113 2007 formante
3133 1993 3146 2006 .
3189 1953 3345 2019 Quod
3381 1973 3512 2012 vero

1935 2038 2184 2091 nonnihil
2215 2039 2268 2092 in
2302 2055 2410 2092 uno
2434 2056 2497 2094 ex
2527 2039 2690 2094 dictis
2717 2042 2798 2093 vel
2825 2050 3058 2113 utroque
3081 2045 3299 2103 diﬂ'erre
3334 2051 3514 2104 videa-

1934 2139 2043 2193 tur,
2070 2130 2212 2184 haud
2247 2142 2427 2185 tatuen
2469 2147 2530 2186 ea
2561 2135 2944 2201 contrarietas,
2989 2146 3046 2190 ut
3090 2154 3336 2208 pugnare
3383 2159 3510 2197 cum

1934 2224 2027 2277 illo
2059 2232 2153 2276 aut
2188 2225 2312 2278 aliis
2347 2226 2586 2293 putanda
2632 2228 2724 2281 sit.
2768 2227 2891 2282 ideo
2933 2231 3101 2296 enim,
3134 2244 3192 2288 ιιι
3229 2236 3419 2305 paucis
3447 2244 3514 2290 do

1933 2314 2019 2370 his
2057 2317 2260 2386 aliquid
2294 2317 2666 2388 philosopher,
2713 2321 2970 2377 videntur
2997 2324 3307 2392 dissonare,
3340 2346 3512 2397 quan-

1933 2422 2099 2477 quatn
2141 2424 2212 2464 ne
2253 2410 2535 2464 minimum
2565 2412 2696 2482 quid
2751 2415 2855 2468 sibi
2889 2430 3218 2488 repugnent,
3272 2421 3359 2476 vel
3387 2425 3514 2494 quia

1933 2503 2040 2557 alio
2078 2501 2258 2569 modo,
2286 2505 2431 2574 quod
2464 2515 2678 2574 spectat
2721 2511 2790 2561 ad
2842 2509 3084 2578 phrasin)
3138 2521 3192 2567 et
3245 2516 3513 2571 elocutio-

1931 2608 2077 2659 nem,
2117 2609 2238 2664 quai
2269 2611 2397 2650 vere
2430 2605 2581 2667 gesta
2618 2607 2748 2652 sunt
2778 2602 3054 2670 explicent
3085 2622 3099 2669 ;
3136 2605 3222 2659 vel
3255 2608 3388 2676 quia
3423 2607 3513 2661 hie

1929 2684 2108 2750 illeve,
2139 2695 2236 2740 aut
2258 2689 2420 2741 etiam
2443 2688 2612 2759 aliqui
2645 2689 2775 2744 huic
2809 2691 2950 2746 forte
2984 2693 3131 2748 illive
3159 2699 3514 2767 evangelista:

1929 2778 2132 2832 omissa
2167 2780 2408 2834 tradant.
2462 2779 2629 2847 Quasi
2681 2798 2856 2853 neque
2915 2801 3022 2840 una
3057 2803 3274 2852 omnes,
3338 2805 3516 2860 neque

1931 2870 2287 2939 peculiariter
2317 2873 2513 2941 aliquis
2538 2889 2724 2928 eorum
2751 2887 2987 2945 quatuor
3017 2881 3306 2949 scripserit
3331 2885 3516 2936 omnia

1930 2977 2266 3032 quacunque
2326 2964 2456 3019 fecit
2522 2964 2782 3034 Verbum,
2847 2985 2954 3038 quo
3010 2981 3256 3043 tempore
3321 2977 3516 3030 huma-

1928 3072 2052 3110 nam
2089 3058 2320 3112 salutent
2389 3058 2648 3113 ineffabili
2686 3071 3027 3120 sacramento
3092 3065 3148 3121 in
3187 3083 3353 3123 carne
3400 3072 3518 3124 dis-

1933 3152 2195 3218 pensavit.
2242 3149 2503 3217 Verbum,
2548 3153 2793 3222 inqttam,
2827 3157 2975 3224 quod
3007 3158 3215 3213 dictum
3243 3173 3325 3216 est
3365 3178 3514 3225 caro,

1935 3258 2248 3313 quanquatn
2280 3259 2399 3298 esse
2433 3244 2576 3299 Deus
2608 3247 2834 3300 tninitne
2890 3249 3032 3303 desit
3060 3269 3072 3304 :
3133 3253 3352 3308 tametsi
3409 3271 3516 3308 una

1935 3334 2071 3404 ipsis
2106 3342 2347 3403 quatuor
2379 3335 2601 3401 veritas,
2642 3351 2846 3408 scopus
2887 3342 3168 3408 proposita
3220 3345 3312 3408 sit,
3357 3353 3412 3398 et
3461 3356 3517 3397 ut

1936 3442 2151 3480 summa
2216 3435 2410 3494 totum,
2508 3428 2711 3484 virtute
2747 3446 2813 3486 ex
2873 3440 3029 3500 parte
3100 3435 3264 3490 simul
3332 3437 3521 3492 dcc|a~

1937 3529 2097 3586 rent;
2133 3522 2279 3589 quod
2321 3537 2426 3575 non
2467 3537 2592 3576 raro
2631 3539 2698 3578 ex
2734 3535 2922 3579 mutua
2965 3527 3312 3597 eloquiorum
3349 3532 3516 3599 Spir:-

1937 3621 2024 3666 tus
2059 3614 2422 3668 consensione
2455 3625 2620 3684 atque
2663 3617 2972 3684 harmonia,
3030 3629 3084 3673 ct
3127 3637 3266 3690 quae,
3337 3623 3516 3676 instar

1937 3703 2305 3755 membrorum
2368 3705 2421 3756 in
2483 3720 2736 3774 corpore,
2790 3708 3138 3764 inSulubilem
3197 3727 3511 3783 compagem

1936 3796 2500 3865 compositionemque
2532 3800 2775 3852 continui
2807 3800 2998 3864 faciat,
3042 3802 3262 3856 accidit.
3318 3801 3509 3868 Porro,

1933 3897 2120 3937 eorum
2157 3900 2277 3953 qua:
2314 3886 2460 3940 dicra
2512 3896 2640 3941 sunt
2688 3890 2909 3943 tet-itali
2969 3891 3361 3962 suffragantur,
3402 3911 3510 3948 tum

1934 3981 2143 4028 tantum
2167 3991 2287 4045 qua:
2309 3979 2606 4046 peculiaria
2643 3982 2785 4049 apud
2817 3996 2930 4046 eos,
2970 3985 3051 4039 vel
3078 4001 3267 4039 eorum
3299 3989 3514 4058 aliquos

1934 4079 2256 4130 occurrunt,
2295 4067 2387 4120 sed
2425 4069 2586 4122 etiam
2645 4070 2900 4124 sublimis
2963 4072 3053 4125 ille
3109 4071 3372 4142 Joannes,
3417 4081 3507 4130 ulii

1935 4159 1999 4210 ad
2037 4158 2216 4226 ipsum
2261 4157 2538 4229 Evangelii
2577 4161 2739 4214 ﬁnem
2773 4163 2891 4214 ait:
2935 4181 2952 4212 ι
3013 4161 3152 4217 Sunt
3212 4175 3394 4221 autem
3459 4183 3511 4221 ct

1934 4249 2037 4303 alia
2067 4251 2233 4304 multa
2271 4266 2392 4319 quae
2429 4251 2560 4305 fecit
2584 4251 2766 4320 Jesus,
2796 4270 2917 4324 qua:
2957 4257 3003 4310 si
3042 4258 3356 4313 scribantur
3416 4278 3512 4330 per

1934 4344 2170 4415 singula,
2200 4359 2300 4398 nec
2338 4345 2517 4413 ipsum
2561 4347 2799 4401 arbitror
2831 4350 3097 4403 mundum
3130 4365 3327 4419 capere
3348 4369 3510 4422 posse

1934 4451 2050 4500 eos,
2106 4438 2197 4507 qui
2236 4437 2518 4492 scribendi
2557 4450 2711 4504 sunt,
2748 4438 2920 4496 libros
2960 4442 2976 4480 ί
3015 4482 3028 4496 .
3065 4460 3084 4493 ι
3141 4441 3378 4512 ldipsum
3445 4445 3512 4499 de

1935 4527 2076 4581 Luca
2113 4531 2435 4594 dixerimus,
2471 4531 2565 4599 qui
2597 4546 2729 4586 sane
2755 4546 3021 4588 enarratis
3049 4536 3283 4603 gratiam
3333 4546 3510 4590 trans-

1931 4621 2293 4690 ligurationis,
2320 4623 2394 4675 ita
2423 4623 2499 4675 ait
2536 4640 2546 4675 :
2589 4641 2606 4674 t
2648 4621 2873 4678 Factum
2921 4633 3006 4679 est
3038 4635 3218 4680 autem
3242 4637 3363 4697 post
3397 4629 3510 4682 licet:

1929 4716 2110 4779 verba,
2132 4713 2244 4768 fere
2277 4713 2396 4768 dies
2427 4722 2588 4768 octo:
2619 4718 3028 4787 assumptisque
3055 4715 3217 4774 Jesus
3245 4718 3430 4786 Petro,
3456 4731 3510 4775 et

1924 4806 2156 4870 Jacobo,
2195 4816 2250 4862 et
2279 4805 2489 4863 Joanne
2511 4847 2525 4872 ,
2558 4811 2809 4864 ascendit
2851 4813 2904 4865 in
2934 4821 3176 4868 montem
3209 4828 3264 4872 ut
3285 4822 3501 4891 oraretj.

1927 4899 2154 4956 Factum
2189 4912 2312 4966 est,
2363 4905 2580 4974 inquit,
2621 4916 2743 4975 post
2803 4905 2918 4962 hac
2970 4907 3172 4972 verba,
3229 4909 3341 4963 fere
3388 4909 3505 4963 dira

1927 5005 2072 5051 octo.
2114 5016 2131 5047 ι
2167 4997 2434 5062 Quidnam
2489 5014 2618 5053 vero
2665 5001 2801 5070 agis,
2830 5017 2861 5053 υ
2889 5009 3065 5070 mysta
3125 5016 3455 5056 arcanorum
3488 5005 3508 5058 τ

1924 5084 2064 5150 Quid
2106 5093 2208 5149 ais,
2255 5109 2269 5132 ι
2310 5085 2532 5141 Factum
2569 5095 2653 5142 est
2679 5099 2799 5159 post
2835 5090 2996 5144 verba
3053 5090 3166 5144 haec
3197 5131 3211 5155 ,
3250 5093 3359 5146 fere
3391 5092 3506 5146 dies

1924 5178 2084 5231 octo?
2124 5198 2140 5229 ›
2176 5178 2316 5241 Quid
2353 5181 2633 5236 enimvero
2664 5180 2998 5237 fecerimus?
3037 5198 3160 5238 cum
3216 5184 3428 5240 Marcus
3454 5195 3506 5239 et

1924 5267 2227 5331 Matthaeus,
2261 5270 2407 5324 velut
2469 5286 2576 5324 uno
2612 5287 2706 5324 ore
2765 5276 2967 5340 pariter
3023 5276 3399 5344 pronuntient,
3444 5291 3504 5327 ac

1927 5361 2089 5413 verba
2124 5360 2396 5429 ejusmodi
2433 5362 2618 5415 dicant
2651 5381 2662 5415 :
2700 5381 2716 5412 α
2752 5361 2809 5415 Et
2843 5375 2965 5434 post
2993 5380 3085 5420 sex
3119 5367 3237 5420 dies
3277 5370 3505 5422 assumit

1926 5451 2084 5506 Jesus
2142 5452 2382 5516 Petrum,
2423 5463 2475 5508 et
2527 5453 2812 5519 Jacobum,
2847 5464 2901 5509 et
2957 5455 3221 5512 Joannem
3286 5459 3504 5513 fratrem

1930 5545 2085 5612 ejus:
2113 5556 2167 5600 et
2195 5547 2348 5600 ducit
2385 5547 2507 5601 illus
2556 5549 2609 5602 in
2644 5559 2884 5603 montem
2917 5553 3196 5605 excelsum
3226 5566 3502 5616 seorsum,

1935 5654 1984 5697 et
2040 5643 2466 5713 transfiguratus
2499 5650 2583 5697 est
2617 5659 2799 5698 coram
2856 5645 3010 5714 ipsis.
3062 5665 3080 5698 ι
3118 5643 3194 5699 lta
3237 5645 3394 5716 plane
3429 5647 3503 5699 ait

1937 5833 1944 5867 1
1997 5820 2127 5875 Luc.
2169 5837 2241 5887 rx,
2301 5824 2391 5889 ‘28,
2427 5823 2514 5876 99.

3154 5915 3225 5978 30
