4236 6440
829 372 893 436 39
1965 386 2023 444 S.
2060 389 2292 450 ANDRI

2423 396 2837 458 CRE'I'ENSIS

3907 406 3998 470 940

790 503 976 555 beatus
1008 498 1200 552 Lucas.
1245 496 1386 554 Nihil
1418 504 1585 570 magis
1615 520 1803 568 unum,
1855 513 2090 578 magisve
2142 529 2292 583 cogn:

2401 522 2421 574 λ
2451 503 2614 570 φησὶν
2658 507 2685 555 ό
2708 506 2976 574 μακάριος
3002 508 3233 570 Λουκᾶς.
3269 509 3382 562 Οὐκ
3407 509 3552 563 ἔστιν
3575 512 3724 566 οὐδὲν
3758 516 3866 566 τῶν
3891 520 3999 585 ἐμοί

783 599 897 645 tum
948 598 1000 644 et
1037 589 1102 645 ad
1142 592 1282 645 idem
1321 595 1506 657 fuerit,
1555 609 1715 662 quam
1753 598 1896 664 quod
1939 601 2072 655 mihi
2134 604 2346 674 illisque

782 683 884 737 fuit
917 683 1144 736 dictum.
1215 682 1377 738 Plane
1416 685 1559 738 enim
1609 697 1939 752 consonant,
1988 692 2345 763 eamdemque

781 779 884 829 vim
926 785 979 830 et
1007 777 1164 830 nobis
1198 786 1252 830 et
1284 778 1389 832 illis
1428 778 1570 832 dicta
1613 779 1934 835 habuerint.
1989 783 2197 839 Etenim
2243 789 2340 855 illi,

776 867 977 920 omissa
1018 868 1106 920 die
1141 883 1246 935 qua
1279 867 1519 922 Verbum
1578 885 1693 923 rem
1735 873 1881 925 brevi
1927 874 2167 930 futuram
2213 894 2314 947 apo

775 957 1039 1010 stolarum
1076 959 1302 1026 collegio
1359 959 1723 1026 praedixisset,
1759 963 2004 1030 itemque
2035 965 2178 1019 diem
2233 984 2341 1036 qua

771 1051 911 1104 idem
931 1051 1106 1119 ipsum
1133 1061 1523 1118 praanarratum
1550 1066 1685 1120 opus
1710 1054 2028 1108 mirabiliter
2045 1056 2336 1114 echcisset:

769 1143 886 1198 dies
914 1145 1273 1198 iutermedlos
1302 1159 1331 1196 a
1362 1145 1559 1211 primo,
1595 1145 1839 1213 inquam,
1868 1149 1932 1200 ad
1967 1148 2238 1212 ultimum,
2262 1158 2344 1204 ato

767 1248 872 1301 que
909 1234 1043 1286 adeo
1086 1234 1152 1287 ab
1189 1249 1296 1288 uno
1337 1236 1400 1284 ad
1437 1243 1688 1287 octavum
1727 1250 1821 1290 sex
1855 1239 2032 1305 palam
2066 1239 2339 1294 exsistcn-

769 1336 847 1379 tes
885 1333 1211 1378 numerant.
1241 1321 1312 1377 lis
1357 1339 1520 1392 porro
1559 1325 1603 1377 si
1636 1323 1774 1379 duos
1838 1326 1959 1379 illos
1995 1328 2338 1395 adjunxeris,

767 1415 1095 1482 initiumque
1118 1413 1352 1467 ettinem
1389 1413 1567 1468 medio
1595 1418 1964 1477 conserueris,
2001 1418 2139 1470 citra
2209 1433 2341 1472 con-

765 1507 1085 1560 troversiam
1166 1505 1454 1574 quaesitum
1532 1505 1828 1570 habueris,
1911 1518 2339 1578 nostrorumque

763 1613 1075 1652 sermonum
1107 1604 1348 1649 mutuam
1377 1599 1802 1652 consensionem
1832 1603 2201 1668 perspexeris,
2226 1603 2340 1655 sole

760 1687 1097 1756 splendidius
1145 1687 1441 1756 puriusmie
1495 1688 1766 1742 emicante
1820 1690 2051 1768 veritate
2082 1691 2335 1747 decorem

760 1781 1001 1832 unitatis.

824 1976 961 2040 Quia
1004 1976 1284 2030 enimvero
1335 1975 1632 2042 Scriptura:
1674 1975 1829 2030 vobis
1880 1977 2223 2045 majestatem
2260 1990 2324 2031 ac

753 2067 1207 2128 concinnitatem,
1253 2066 1410 2134 juxta
1467 2064 1625 2119 Lucae
1684 2067 2018 2128 doctrinam.
2073 2069 2323 2121 oratione

750 2160 1017 2229 descripsi
1054 2178 1064 2212 :
1102 2175 1197 2227 age
1236 2159 1392 2227 plane
1446 2159 1743 2227 penetralis
1778 2159 2069 2214 audentius
2119 2161 2318 2230 adytis,

750 2254 912 2304 etiam
951 2260 1191 2320 relegam
1245 2250 1485 2303 abditam
1525 2249 1575 2301 in
1615 2249 1899 2318 Scriptura
1951 2252 2319 2320 spiritualium

747 2356 1037 2395 sensorum
1095 2348 1436 2393 venustatem
1466 2354 1480 2403 ;
1510 2354 1629 2393 eam
1682 2340 1907 2408 perinde
1940 2342 2130 2408 utique
2170 2340 2318 2410 quod

747 2441 901 2502 paret
961 2431 1183 2484 luminis
1235 2429 1526 2498 splendore
1591 2437 1966 2496 superantem,
2020 2440 2183 2500 atque
2230 2446 2318 2486 res

745 2522 1013 2591 spiritalis
1041 2536 1154 2575 rem
1187 2520 1495 2588 subjectam
1528 2520 1722 2582 oculis,
1759 2520 1962 2574 latente
2001 2521 2318 2576 sinceritate

742 2623 795 2668 et
828 2611 1154 2668 sufﬁcientia
1185 2611 1354 2665 vincit
1383 2609 1481 2680 (6).
1504 2610 1769 2663 Caeterum
1801 2626 1896 2664 vos
1927 2612 2058 2664 mihi
2094 2613 2264 2681 prius,
2285 2629 2317 2667 ο

742 2705 902 2758 amici
939 2717 1256 2757 sermonum
1290 2709 1499 2770 mystte,
1539 2702 1742 2769 quique
1773 2717 1984 2755 mecum
2025 2717 2145 2771 quae
2173 2702 2316 2756 bona

741 2807 871 2851 sunt
899 2796 1244 2866 pulchraque
1277 2794 1568 2854 adamatis,
1595 2794 1805 2862 Spiritu
1839 2794 1934 2847 illo
1963 2796 2054 2861 qui
2089 2797 2315 2850 mundat

737 2906 802 2943 ac
863 2888 1135 2940 illuminat
1207 2885 1412 2949 omnia,
1480 2884 1784 2953 audituque
1843 2894 1896 2938 et
1960 2886 2312 2957 intelligentia

737 2979 1076 3037 mundamini
1107 2997 1119 3034 :
1164 2993 1276 3047 quo
1326 2976 1523 3032 Sermo
1555 2977 1644 3029 ille
1668 2979 1825 3031 vobis
1862 2986 2153 3047 cognatus,
2187 2988 2310 3032 tan-

733 3087 899 3144 quam
933 3069 1263 3125 necessariis
1290 3067 1403 3122 suis
1427 3067 1796 3134 colloquatur,
1828 3081 1890 3120 ae
1915 3067 2314 3123 initiationibus

733 3179 871 3234 quas
899 3176 1061 3217 nemo
1089 3159 1338 3216 docuerit
1369 3157 1470 3225 l7),
1506 3157 1832 3226 perfectiora
1858 3157 2139 3212 exhibeat.
2168 3156 2309 3223 Quid

729 3269 864 3324 ergo
894 3267 1089 3308 sumus
1143 3249 1362 3311 dicturi,
1419 3246 1660 3302 fratres?
1693 3246 1847 3312 Quod
1883 3262 2011 3302 vero
2037 3248 2170 3300 illud
2205 3248 2311 3318 spi-

729 3346 890 3400 ritale
941 3341 1431 3398 instructissimum
1492 3353 1810 3392 sermonum
1879 3339 2192 3393 convivium
2244 3353 2308 3392 ac

729 3433 1143 3505 spectaculum,
1169 3430 1238 3483 ad
1284 3445 1405 3499 qua:
1449 3444 1549 3484 vos
1600 3427 1761 3482 hodie
1805 3429 2122 3488 invitamus,
2158 3443 2308 3496 quaa-

725 3539 836 3593 que
862 3523 1116 3593 adjutore
1168 3519 1376 3590 Spiritu
1423 3517 1702 3572 incessere
1738 3531 1801 3570 ac
1833 3517 1986 3570 adire
2019 3517 2306 3571 volumus?

797 3632 1091 3687 Senarium
1159 3629 1351 3683 dicunt
1419 3627 1552 3682 artis
1611 3625 1790 3695 periti,
1851 3625 1993 3679 inter
2044 3641 2304 3683 numeros

722 3729 950 3782 denario
1005 3722 1466 3794 comprehensos,
1523 3719 1699 3773 solum
1758 3718 2100 3788 perlectum;
2153 3720 2303 3774 velut

721 3815 985 3871 nimirum
1023 3812 1118 3883 qui
1155 3827 1219 3866 ex
1256 3811 1372 3866 suis
1399 3813 1514 3879 ipse
1553 3809 1799 3879 partibus
1846 3810 2218 3863 consuluntur
2249 3819 2304 3865 et

720 3903 1084 3973 compleatur.
1112 3901 1293 3971 Atque
1329 3919 1346 3951 ι
1374 3900 1647 3962 (Zhristus,
1687 3897 1779 3953 Dei
1805 3900 2071 3968 sapientia
2104 3909 2156 3953 ct
2192 3903 2300 3954 vir-

719 4005 809 4052 tus
850 3997 899 4060 ιι,
942 4013 962 4047 ι
993 3993 1230 4048 Verbum
1262 3991 1394 4045 illttd
1429 3991 1673 4044 bonitate
1718 3989 1918 4058 majus,
1967 4009 1984 4041 ι
2017 3989 2301 4048 Filiusille

718 4088 1036 4156 unigenitus
1070 4085 1163 4153 qui
1196 4090 1281 4138 est
1309 4085 1360 4135 in
1398 4083 1520 4137 sinu
1559 4079 1740 4135 Patris
1775 4079 1792 4118 ι
1833 4097 1848 4147 ς
1893 4099 1910 4132 ι
1949 4097 2040 4136 sex
2075 4085 2296 4152 quidem

715 4180 928 4234 dierum
985 4176 1166 4246 spatio
1214 4173 1518 4228 fabricatur
1545 4182 1601 4228 et
1631 4181 1785 4228 creat
1813 4174 2079 4244 quidquid
2113 4192 2295 4231 rerum

711 4279 796 4326 est
853 4270 1031 4324 oculis
1075 4266 1385 4336 subjectum
1423 4285 1436 4317 :
1474 4264 1541 4319 ad
1590 4264 1705 4319 haec
1736 4281 1864 4320 vero
1907 4275 1960 4320 ct
1986 4267 2288 4331 hominem,

710 4363 804 4443 qui
835 4361 1207 4414 immateriata
1276 4359 1456 4412 anima
1487 4358 1848 4428 materiaque,
1899 4359 2007 4413 hoc
2042 4367 2144 4423 est,
2170 4375 2294 4414 cor-

640 4466 653 4480 ‘
711 4471 839 4527 pore
863 4455 1146 4511 consistat.
1177 4450 1283 4506 Sed
1313 4457 1366 4505 et
1402 4449 1690 4505 charitatis
1729 4467 1833 4521 qua
1855 4451 2058 4507 bonum
2084 4453 2292 4507 nullum

2446 607 2504 641 τε
2546 593 2816 656 κάκείνοις
2860 596 3167 666 εἰρημένων
3204 599 3338 669 πρός
3365 617 3416 652 τι
3453 602 3558 653 τῶν
3591 604 3806 657 πάντων
3843 607 3997 659 svos:-

2445 682 2696 752 δέστερον
2743 685 2773 753 ἦ
2812 688 3255 758 συγγενέστερον.
3286 692 3559 759 Σύμφωνα
3594 696 3700 764 γάρ
3734 700 3903 760 ἐστιν,
3935 699 3999 762 ὡς

2444 772 2676 842 ἀληθῶς,
2705 777 2798 827 καὶ
2825 779 3198 847 ταυτοδύναμα
3225 782 3292 832 τὰ
3326 783 3454 851 παρ’
3481 786 3632 852 ἡμῶν
3654 803 3710 837 τε
3744 790 4002 842 κάκείνων

2443 861 2733 931 λεγόμενα.
2767 867 2877 919 Καὶ
2933 870 3039 938 γὰρ
3092 871 3289 922 ἐκεῖνοι
3326 873 3424 941 τὴν
3459 875 3669 944 ἡμέραν
3725 881 4000 947 παρέντες,

2445 952 2566 1002 καθ’
2594 953 2660 1022 ἡν
2705 955 2766 1006 τὸ
2811 955 3003 1024 μέλλον
3033 958 3135 1011 οὐκ
3187 962 3266 1022 εἰς
3298 965 3514 1031 μακρὰν
3548 966 3649 1016 ὑπὸ
3703 969 3798 1019 τοῦ
3837 971 4002 1036 Λόγου

2442 1041 3002 1112 τελεσθήσεσθαιτοῐς
3026 1049 3347 1114 ἀποστόλοις
3384 1058 3533 1124 κοινῇ
3574 1061 4001 1127 προηγόρευται·

2443 1132 2701 1202 κάκείνην
2723 1130 2899 1199 αὖθις,
2915 1138 2970 1190 ὲν
2991 1132 3023 1210 ᾖ
3047 1140 3107 1190 τὸ
3132 1143 3444 1210 προρρηθὲν
3467 1146 3493 1195 ό
3510 1145 3666 1211 λόγος
3694 1151 4006 1216 παραδόξως

2442 1222 2808 1291 ἐξείργασται,
2828 1227 2926 1290 τάς
2952 1229 3156 1297 μεταξὺ
3174 1232 3281 1283 τῶν
3306 1233 3420 1296 δύο,
3444 1237 3541 1302 τῆς
3573 1239 3818 1306 πρώτης,
3848 1245 4004 1308 φημί,

2443 1314 2656 1382 καὶτῆς
2693 1317 3028 1382 τελευταίας,
3071 1321 3271 1388 μᾶλλον
3298 1323 3355 1374 δὲ
3387 1328 3489 1394 τῆς
3514 1329 3641 1394 μιᾶς
3670 1330 3765 1381 καὶ
3799 1332 4004 1399 ὀγδόης,

2441 1405 2734 1474 ἀριθμοῦσι
2759 1410 3042 1479 προδήλως
3073 1413 3131 1478 ἒξ
3155 1417 3546 1484 τυγχανούσας.
3593 1420 3691 1482 Al;
3717 1425 3764 1473 εἰ
3792 1424 3891 1486 τάς
3921 1427 4009 1476 δύο

2443 1498 2757 1566 συνάψειας,
2789 1499 2890 1570 τὴν
2913 1503 3089 1572 ἀρχὴν
3120 1506 3210 1558 καὶ
3238 1508 3299 1558 τὸ
3322 1509 3477 1572 τέλος
3508 1515 3571 1581 τῇ
3604 1516 3865 1583 μεσότητι
3888 1534 4009 1570 συν-

2441 1585 2714 1654 αρμόζων,
2747 1589 2807 1641 τὺ
2832 1589 3161 1661 ζητούμενον
3185 1595 3577 1668 ἀναντίρρητον
3600 1602 3764 1666 ἕξεις,
3793 1606 3888 1657 καὶ
3915 1607 4009 1675 τὴν

2439 1675 2574 1743 πρὸς
2599 1677 2804 1747 ἄλληλα
2833 1679 2940 1732 τῶν
2985 1682 3270 1753 ἡμετέρων
3299 1685 3472 1755 λόγων
3524 1694 3847 1760 συμφωνίαν
3878 1713 4008 1748 κατ-

2441 1763 2588 1826 ίδοις,
2638 1766 2731 1816 τοῦ
2757 1767 2909 1835 ἡλίου
2941 1770 3320 1841 λαμπρότερόν
3371 1794 3430 1828 τε
3481 1781 3570 1830 καὶ
3620 1782 4008 1854 καθαρώτερον

2364 1872 2402 1926 υ
2428 1852 2524 1920 τῆς
2548 1853 2804 1924 ἀληθείας
2824 1858 2884 1910 τὸ
2915 1861 3112 1913 ένιαίον
3140 1863 3576 1922 ἀποστίλϐουσαν
3610 1874 3829 1934 κάλλος.

2433 2017 2439 2023 ,
2509 1965 2646 2017 Ἀλλ’
2685 1969 2873 2038 ἐπειδὴ
2927 1971 3022 2024 τοῦ
3064 1973 3238 2039 Λόγου
3282 1977 3382 2046 τὴν
3424 1981 3761 2051 φαινομένην
3810 1985 4004 2054 εὐπρέ-

2425 2071 2588 2110 πειαν
2618 2061 2710 2112 καὶ
2741 2062 3108 2132 εὐαρμοστίαν
3133 2067 3259 2133 ὑμῖν
3285 2068 3362 2138 τῷ
3392 2069 3533 2139 λόγῳ
3554 2072 3845 2142 διέγραψα,
3869 2081 4005 2129 κατὰ

2421 2147 2520 2216 τὴν
2554 2150 2647 2202 τοῦ
2695 2153 2881 2206 Λουκᾶ
2913 2155 3265 2211 διδασκαλίαν
3292 2175 3304 2187 ’
3343 2162 3474 2232 φέρε
3509 2163 3572 2232 δὴ
3610 2167 3702 2216 καὶ
3741 2167 3852 2217 τῶν
3884 2170 4007 2220 ἀδὺο

2421 2255 2530 2290 των
2573 2244 3016 2314 κατατολμήσας,
3067 2247 3174 2300 τῶν
3209 2252 3680 2322 ἐγκεκρυμμένων
3714 2257 3794 2325 τῷ
3847 2260 4006 2327 Λόγῳ

2423 2331 2701 2397 μυστικῶν
2725 2332 3324 2408 θεαμάτωνέκκαλύψω
3350 2341 3446 2411 τὴν
3475 2345 3723 2410 ἀγλαΐαν,
3748 2350 4006 2400 τοσοῦτον

2421 2421 2890 2492 ὑπερλάμπουσαν
2935 2429 3028 2480 τοῦ
3065 2433 3417 2500 φαινομένου,
3450 2435 3572 2488 ὅσον
3622 2437 3683 2488 τὺ
3708 2439 4007 2507 νοούμενον

2418 2514 2515 2566 τοῦ
2545 2518 2870 2586 φαινομένου
2895 2524 3373 2595 κρυφιωδέστερόν
3393 2545 3450 2579 τε
3471 2530 3565 2580 καὶ
3589 2530 4002 2600 διαρκέστερον.

2419 2605 2529 2657 Καί
2571 2624 2660 2675 μοι
2697 2610 3011 2680 καθήρασθε
3059 2615 3344 2684 πρότερον,
3398 2612 3442 2670 ὦ
3471 2620 3610 2686 φίλοι
3661 2623 3866 2688 μύσται
3914 2625 4004 2675 τοῦ

2417 2694 2591 2762 Λόγου
2637 2696 2733 2748 καὶ
2792 2703 3122 2768 συνερασταὶ
3167 2689 3275 2757 τῶν
3313 2707 3517 2768 καλῶν,
3559 2710 3654 2761 καὶ
3701 2711 3878 2781 ἀκοὴν
3911 2713 4008 2763 καὶ

2416 2787 2676 2850 διάνοιαν,
2703 2789 2778 2859 τῷ
2809 2791 2983 2844 πάντα
3014 2793 3327 2864 καθαίροντι
3369 2800 3462 2850 καὶ
3496 2801 3786 2866 φωτίζοντι
3825 2803 4005 2855 "vsti-

2419 2896 2577 2948 ματι·
2605 2881 2671 2932 ἵν’
2694 2882 2769 2944 ὼς
2791 2883 3016 2945 οἰκείοις
3048 2885 3176 2952 ὑμῖν
3207 2887 3234 2937 ὁ
3258 2887 3428 2954 Λόγος
3457 2892 3710 2958 συμφυὴς
3736 2893 4003 2964 ὁμιλήσῃ,

2416 2973 2508 3025 καὶ
2530 2977 2648 3035 ταῖς
2673 2975 2980 3037 ἀδιδάκτοις
3002 2980 3412 3046 μυσταγωγίαις
3436 2981 3686 3051 ἀναδείξῃ
3710 2986 3780 3035 τὰ
3803 2986 4006 3036 τελεώ-

2414 3081 2566 3133 τερα.
2606 3065 2671 3116 Τί
2696 3061 2787 3118 οὖν
2819 3082 3020 3135 φαμεν,
3070 3068 3323 3144 ἀδελφοί;
3357 3071 3464 3122 Καὶ
3491 3073 3573 3134 τίς
3604 3074 3636 3142 ἡ
3680 3076 3852 3144 νοητὴ
3896 3077 4005 3127 τῶν

2414 3155 2587 3222 λόγων
2627 3156 2920 3210 πανδαισία
2953 3159 3047 3211 καὶ
3072 3141 3304 3228 θεωρία,
3337 3164 3423 3228 ἐφ’
3461 3158 3543 3225 οἷς
3577 3165 3718 3230 ὑμᾶς
3752 3141 4008 3234 προσκα-

2413 3245 2650 3315 λούμεθα
2678 3249 2937 3319 σήμερον,
2982 3249 3076 3301 καὶ
3124 3244 3206 3312 οἷς
3237 3249 3536 3304 ἐπιϐαίνειν
3565 3254 3827 3324 ἀξιοῦμεν
3864 3259 4006 3326 μετὲ

2410 3336 2503 3390 τοῦ
2531 3337 2670 3391 Πνεύ
2681 3355 2853 3408 ματος
2873 3355 2887 3401 ;

2478 3625 2579 3676 Τὸν
2609 3624 2667 3691 ἒξ
2689 3625 2924 3696 ἀριθμόν
2974 3645 3135 3697 φασιν
3165 3628 3214 3681 οἱ
3245 3630 3374 3701 περὶ
3411 3630 3583 3683 ταῦτα
3617 3632 3794 3698 σοφοὶ,
3833 3635 4007 3701 μόνον

2403 3717 2510 3768 τῶν
2531 3717 2678 3779 ἐντὸς
2701 3717 2922 3782 δεκάδος
2942 3721 3146 3772 τέλειον
3165 3717 3326 3784 εἶναι,
3351 3722 3445 3775 ἅτε
3465 3723 3528 3794 δὴ
3549 3726 3612 3777 ἐκ
3642 3724 3754 3777 τῶν
3774 3728 4006 3779 οἰκείων

2405 3811 2799 3879 συνιστάμενόν
2826 3828 2882 3864 τε
2915 3812 3009 3864 καὶ
3053 3813 3565 3884 συμπληρούμενον.
3601 3833 3621 3867 t
3655 3817 3911 3885 Χριστὸς
3947 3819 4004 3870 δὲ

2401 3901 2429 3952 ό
2457 3901 2549 3954 τοῦ
2587 3903 2722 3955 Θεοῦ
2761 3904 2922 3972 σοφία
2955 3904 3049 3956 καὶ
3078 3903 3346 3974 δύναμις,
3391 3925 3408 3957 ι
3440 3907 3468 3959 δ
3517 3908 3878 3978 ὑπεράγαθος
3906 3913 4005 3964 Ar}-

2401 4008 2516 4059 γος,
2553 4013 2570 4045 ι
2613 3997 2640 4047 ό
2701 3996 2996 4066 μονογενὴς
3044 3996 3171 4059 Υἰδς
3218 3999 3246 4048 ό
3284 3997 3360 4050 ὣν
3389 3998 3468 4060 εἰς
3518 4000 3608 4051 τὸν
3659 3999 3873 4054 κόλπον
3901 4003 4000 4055 τοῦ

2401 4088 2614 4157 Ιιαςρδς
2637 4128 2651 4150 ,
2686 4106 2702 4139 ι
2725 4088 2782 4153 ἒξ
2822 4089 2920 4156 μὲν
2948 4089 3184 4159 ἡμέραις
3217 4090 3548 4160 δημιουργεί
3576 4093 3686 4143 πᾶν
3711 4092 3774 4144 τὸ
3796 4096 4002 4161 φαινό-

2403 4195 2585 4248 μενον,
2610 4178 2688 4230 ἔτι
2711 4177 2766 4230 δὲ
2796 4179 2888 4230 καὶ
2914 4177 3006 4229 τὸν
3044 4178 3351 4249 ἄνθρωπον,
3374 4180 3466 4231 τὸν
3493 4179 3553 4244 ἐξ
3581 4180 3748 4233 ἀΰλου
3780 4181 4000 4252 ψυχῆς.

2399 4268 2494 4321 καὶ
2517 4268 2615 4337 τῆς
2659 4267 2789 4338 ὕλης
2814 4269 2906 4320 τοῦ
2941 4267 3191 4337 σώματος
3225 4269 3636 4339 συνιστάμενον.
3674 4271 3773 4334 ἘΞ
3802 4272 3866 4325 δὲ
3905 4275 4003 4326 καὶ

2397 4361 2494 4428 τῆς
2530 4360 2772 4427 ἀγάπης,
2800 4355 2865 4431 ἦς
2904 4357 3056 4411 οὐδὲν
3077 4359 3186 4411 τῶν
3213 4359 3398 4436 καλῶν
3450 4362 3601 4412 ἐστιν
3645 4361 4001 4432 ὑῂλότερον

2396 4453 2516 4506 οὐδὲ
2554 4455 2878 4516 ἰσοστάσιον,
2915 4453 3313 4524 ἀπαριθμεϊται
3347 4452 3415 4506 τά
3453 4453 3570 4521 εῐδη
3628 4456 3826 4522 σαφῶς
3849 4472 3866 4486 ·
3913 4455 4002 4524 ἀφ’

707 4547 1001 4603 sublimius
1039 4543 1245 4600 adeove
1278 4542 1607 4612 pretiosum,
1646 4556 1738 4596 sex
1770 4545 2055 4612 perspicue
2079 4543 2291 4611 species

2401 4540 2477 4607 οἷς
2499 4547 2556 4599 ὲν
2589 4543 2766 4615 ἑαυτῷ
2786 4545 3106 4613 ἀναδέχεται
3136 4547 3235 4614 τὴν
3263 4546 3343 4607 εἰς
3368 4547 3494 4608 τοὺς
3533 4546 3837 4615 δεομένους
3871 4550 4000 4615 φιλ-

709 4647 1090 4699 recensentur.
1124 4636 1178 4692 in
1200 4637 1405 4706 quibus
1430 4635 1730 4688 exhibitam
1767 4635 1820 4687 in
1851 4650 2055 4705 egenos
2089 4635 2285 4689 huma-

705 4735 954 4797 nitatem,
983 4731 1116 4785 utin
1157 4729 1398 4798 seipsum
1433 4723 1698 4781 Dominus
1726 4728 1920 4796 recipit
1946 4742 2009 4781 ac
2068 4728 2285 4796 probat.

705 4823 772 4880 Iis
805 4825 949 4879 enim
977 4824 1071 4893 qui
1125 4819 1514 4874 misericordes
1561 4817 1803 4884 fuerunt,
1844 4818 2283 4874 misericordiam

703 4923 802 4980 pro
873 4907 1252 4964 misericordia
1328 4907 1475 4974 justa
1552 4908 1714 4961 lance
1792 4923 2102 4978 reponens,
2142 4925 2283 4978 prae-

776 5091 796 5128 ι
844 5092 855 5141 Ι
899 5090 1023 5142 Cor.
1062 5107 1107 5148 l,
1139 5089 1228 5142 ⁵21.
1315 5085 1521 5141 lJuatt.
1568 5105 1601 5146 ι,
1646 5089 1727 5143 lt’.

2395 4635 2728 4707 ανθρωπίαν.
2766 4636 2888 4699 Τοῖς
2929 4637 3038 4706 γάρ
3077 4636 3369 4706 ἑλεὴμοσιν
3403 4636 3886 4690 ἀντιταλαντεὺων
3919 4637 4001 4707 τῷ

2394 4729 2536 4799 ἐλέῳ
2558 4727 2646 4781 τὸν
2668 4726 2815 4779 ἔλεον
2835 4765 2848 4790 ,
2896 4726 2989 4780 καὶ
3027 4726 3089 4778 τὸ
3116 4725 3252 4796 γέρα
3281 4729 3461 4796 νέμων
3487 4725 3562 4789 ὡς
3594 4727 3997 4799 μεγαλόδωρος

2391 4820 2494 4889 τῆς
2527 4818 2705 4872 ἐκεῖθι
2734 4816 3153 4888 μακαριότητος,
3189 4819 3323 4886 φησί
3353 4817 3486 4888 πρὸς
3521 4816 3722 4880 αὐτοὺς
3747 4816 3858 4886 ἡδη
3892 4820 3998 4885 τῆς

2391 4910 2568 4975 δεξιᾶς
2604 4908 2848 4972 στάσεως
2879 4906 3214 4978 ἠξιωμένους
3236 4925 3248 4939 ·
3287 4907 3508 4974 «Δεῦτε,
3537 4909 3586 4961 οἰ
3610 4909 3994 4979 εὐλογημένοι

2016 5236 2406 5293 (.OMBEFISH
2441 5234 2676 5292 ΝΟΤίΕ.

768 5342 841 5412 ιϐ)
876 5341 1089 5405 Latente
1128 5341 1434 5412 sinceritate
1473 5349 1528 5412 ct_
1553 5334 1867 5412 sufﬁcienth
1898 5333 2091 5412 .vincit.
2117 5333 2273 5412 lipar-

692 5401 1057 5486 φιωδέστερόν
1108 5427 1165 5486 τε
1211 5410 1306 5486 καὶ
1337 5401 1762 5486 διαρκέσιτέρονλ
1817 5401 2064 5486 Ιξτὶῑηυιῐι
2116 5403 2274 5486 illud,

691 5471 796 5540 vox
846 5493 927 5535 est
966 5471 1324 5546 Itheologica,
1360 5471 1490 5532 utet
1521 5471 1764 5547 Dionysii
1805 5475 1887 5534 τὸ,
1919 5471 2173 5540 κρύφιον.
2209 5471 2277 5547 Ut.

689 5573 797 5610 non
828 5557 1003 5610 solum
1039 5541 1319 5621 signilicat
1374 5550 1448 5604 rei
1488 5547 1632 5621 velut
1662 5541 2120 5621 'obscuritatem,
2181 5541 2274 5595 Sed

2379 5471 2793 5538 μυσταγωγίας.

2379 5537 2690 5610 Discipliuis
2739 5555 2878 5609 quas
2937 5556 3045 5594 non
3095 5537 3280 5604 homo.
3343 5539 3435 5594 sed
3480 5537 3644 5610 Deus.
3679 5549 3737 5595 et
3775 5544 4002 5596 unctio

2375 5331 2573 5400 quivis
2594 5328 2752 5382 facile
2781 5326 3103 5400 adverterit.

2448 5401 2524 5469 (7)
2547 5399 2953 5453 Initiationibus
2974 5414 3108 5468 quas
3135 5415 3303 5469 nemo»
3319 5397 3588 5469 docuerit;
3610 5399 3986 5469 ’Λδιδάκτσυς

2876 5465 3091 5524 Scitum
3174 5467 3498 5539 epithetum.
3545 5465 3710 5522 Velut
3759 5469 3930 5526 dicat
3971 5491 3984 5524 :

687 5609 852 5682 etiam
911 5625 1032 5694 ejus
1062 5609 1419 5677 eiuinentiam
1483 5620 1713 5694 indicet,
1763 5631 1871 5694 qua
1920 5615 2118 5668 habeat
2157 5629 2277 5694 esse
2375 5609 2570 5694 doceat
2605 5626 2668 5666 ac
2694 5626 2819 5693 vere
2846 5619 2930 5665 est
2957 5612 3051 5694 qui
3075 5609 3532 5694 minimumqqu
3568 5610 3736 5694 homo
3764 5612 3989 5694 docue-

689 5701 762 5753 ita
795 5686 1087 5750 obscuram
1125 5693 1428 5747 clevatione
1452 5706 1513 5743 ac
1557 5691 1892 5757 perfectione
1932 5700 2155 5757 :rquare
2194 5686 2269 5738 illi

685 5774 877 5826 altera,
910 5768 1055 5818 νς-Ιςιι
1083 5763 1472 5834 ιικριίι-αιίοιιίς
1504 5756 1700 5841 gratia,
1737 5760 1871 5838 scite
1905 5756 2220 5841 adji‘ingitur
2253 5773 2263 5806 :

687 5830 1170 5896 llltdllélliSslttttlltl
1203 5837 1477 5889 Andream
1518 5833 1568 5885 in
1610 5830 1870 5901 lliunysio
1899 5837 1948 5880 et
1978 5830 2260 5896 (iri-goria,

2381 5688 2451 5739 rit
2489 5705 2500 5739 :
2533 5684 2676 5738 Deus
2732 5684 2850 5752 ipse
2892 5675 2987 5737 esti
3027 5683 3116 5752 qui
3175 5686 3323 5735 doce!
3352 5675 3613 5735 Itonit'uem
3644 5682 3982 5748 scimtt'am,

2379 5776 2440 5812 ac
2478 5757 2529 5810 in
2560 5755 2753 5824 primis
2777 5754 2923 5807 illam
2950 5762 3278 5810 sanctorum.
