4236 6440
245 371 343 436 941

245 579 371 648 ὑμῖν
430 571 708 645 βασιλείαν
741 573 847 624 ἀπὸ
886 568 1196 637 καταϐολῆς
1252 566 1483 636 κόσμου.
1529 566 1823 619 Ἐπείνασα

244 671 373 739 γάρ,
404 667 497 721 καὶ
522 664 758 718 ἐδώκατέ
792 681 880 733 μοι
921 664 1115 731 φαγεῖν
1136 678 1148 690 ·
1203 660 1454 730 ἐδίψησα,
1512 660 1606 712 καὶ
1637 659 1823 711 ἐποτί-

248 759 375 814 σατέ
412 773 510 828 με·
544 755 693 822 ξένος
736 756 907 825 Ιἢμην,
940 754 1034 806 καὶ
1072 751 1407 822 συνηγάγετέ
1439 767 1540 822 με.
1595 751 1821 821 γυμνὸς,

246 852 341 904 καὶ
396 846 751 919 περιεϐάλετέ
811 861 922 916 με*
958 844 1258 915 ἠσθένησα,
1319 844 1413 896 καλ⁹
1445 840 1825 911 ἐπεσκέψασθέ

250 960 315 1013 με
342 957 352 969 ·
383 944 438 994 ἐν
472 939 689 1010 φυλακῇ
714 940 882 1008 ἤμην,
917 938 1013 991 καὶ
1058 937 1251 1006 ἤλθετε
1295 935 1434 1005 πρός
1478 952 1565 1004 με.
1600 954 1618 985 ι
1674 932 1829 985 Ἐπεὶ

246 1029 339 1087 οῦν
368 1032 605 1086 τοσαῦτα
630 1032 724 1083 καὶ
757 1029 980 1083 τοιαῦτα
1010 1029 1107 1097 τῇς
1144 1028 1366 1097 ἀγάττης
1391 1027 1459 1080 τά
1483 1026 1620 1093 εἴδη,
1656 1025 1828 1079 καθά-

249 1143 356 1198 περ
377 1128 434 1179 ὲν
456 1123 805 1191 Εὑαγγελίοις
843 1119 982 1189 αὐτὴ
1017 1118 1117 1189 βοᾷ
1164 1118 1425 1189 καθαρῶς
1471 1119 1504 1187 ἡ
1536 1117 1825 1187 Ἀλήθειαι

247 1218 335 1272 διὰ
362 1217 417 1270 δὲ
442 1215 540 1286 τῆς
568 1216 648 1277 είς
667 1213 758 1266 τὸν
794 1212 1022 1280 πλησίον
1054 1211 1296 1280 ἀγάπης,
1319 1210 1353 1279 ἡ
1382 1211 1461 1272 εἰς
1489 1208 1620 1262 Θεὸν
1642 1209 1829 1279 ἀγάπη

248 1310 605 1380 κρατύνεται·
632 1306 699 1359 δι’
724 1306 897 1375 ἦνκαὶ
920 1304 1019 1373 τῆς
1038 1299 1403 1373 ἐλπιζομένης
1428 1301 1832 1372 μακαριότητος

250 1404 399 1469 ἄξιος
437 1399 837 1462 ἀναδείκνυται,
864 1399 892 1450 ό
923 1396 1057 1467 πρὸς
1088 1395 1259 1464 αὐτὴν
1299 1395 1539 1464 γνησίοις
1574 1409 1833 1446 συντετα-

254 1495 421 1564 μένην
448 1491 589 1563 ἔχων
620 1491 717 1562 τὴν
770 1487 981 1559 δρεξινο
1040 1505 1057 1538 ι
1105 1486 1193 1539 Ἐν
1225 1486 1282 1538 δὲ
1308 1488 1425 1548 ταῖς
1459 1484 1581 1537 δυσὶ
1608 1482 1833 1547 ταύταις

250 1585 495 1645 ἐντολαῖς
525 1582 645 1644 ὅλος
691 1583 719 1633 ὁ
758 1579 920 1648 νόμος
956 1576 1053 1631 καὶ
1107 1579 1155 1629 οί
1194 1576 1493 1645 προφῆται,
1532 1593 1550 1624 ι
1584 1573 1834 1643 καθάπερ

252 1680 307 1729 ὲν
340 1674 694 1743 Εὑλγγελίοις
740 1674 768 1725 ὁ
802 1672 961 1738 λόγος
1020 1668 1356 1731 συντίθεται,
1394 1667 1705 1736 κρέμαται·
1748 1668 1834 1717 ὲν-

249 1767 439 1821 τεῦθεν
484 1767 662 1836 δῆλον,
711 1764 850 1833 agt;
906 1762 1093 1832 ἀγάπη
1146 1762 1380 1832 πρᾶγμα
1412 1762 1560 1812 ἐστιν
1613 1756 1835 1825 ἀγαθῶν

253 1860 508 1914 ἁπάντων
545 1855 1042 1927 περιεκτικώτατον
1071 1895 1084 1919 ,
1123 1855 1216 1907 καὶ
1250 1854 1551 1923 ἀκρότατον
1593 1850 1700 1904 τῶν
1749 1849 1835 1903 διὰ
1869 1836 1908 1890 Β

250 1953 352 2022 τῆς
384 1949 539 2018 ἁγίας
572 1949 796 2021 Γραφῆς
849 1946 1292 2018 φανερουμένων,
1353 1946 1448 1997 καὶ
1499 1943 1651 1997 οὐδέν
1693 1944 1837 1995 ἐστιν

251 2047 456 2117 ἀρετῆς
485 2038 626 2105 εἶδος
656 2081 671 2105 ,
702 2042 770 2094 δι’
803 2035 869 2111 ἦς
912 2040 1199 2111 ἄνθρωπος
1251 2037 1549 2091 οἰκειοῦται
1589 2034 1667 2106 τῷ
1720 2034 1838 2105 Θεῷ

253 2137 351 2190 καὶ
386 2135 752 2197 συνάπτεται,
791 2132 887 2184 καὶ
926 2130 1025 2199 τῆς
1077 2129 1188 2182 ἄνω
1240 2126 1398 2197 δόξης
1432 2131 1525 2180 καὶ
1563 2125 1840 2197 βασιλείας

252 2230 601 2299 κληρονομεῖ,
655 2226 684 2279 ὃ
742 2225 818 2296 μὴ
870 2223 969 2291 τῆς
998 2222 1219 2290 ἀγάπης
1254 2220 1572 2306 ἐξήρτηται,
1626 2211 1839 2271 κα“ιῦπ’

254 2323 422 2393 αὐτῆς
454 2319 859 2390 περιείληπται,
905 2316 1131 2386 ἀρρήτῳ
1160 2313 1302 2383 λόγῳ
1360 2312 1717 2382 συνεχόμενον
1747 2310 1841 2363 καὶ

257 2410 689 2484 φρουρούμενον.
729 2408 895 2461 Ὅθεν
923 2408 1015 2459 καὶ
1047 2406 1144 2477 τὴν
1169 2406 1366 2476 ἄκραν,
1400 2404 1478 2465 ὡς
1528 2406 1585 2456 ἐν
1630 2401 1841 2472 ἀνθρώο

258 2520 400 2565 ποις,
435 2500 755 2571 τελειότητα
806 2515 865 2550 τε
911 2498 1006 2551 καὶ
1038 2495 1391 2565 καθαρότητα
1440 2494 1539 2561 τῆς
1569 2492 1709 2545 κατά
1740 2493 1840 2560 την

257 2597 455 2662 πρᾶξιν
496 2592 839 2662 φιλοσοφίας,
871 2584 938 2661 ἦς
971 2590 1123 2651 τέλος
1162 2582 1301 2640 εἶναί
1361 2602 1492 2653 φασι
1529 2585 1589 2637 τὸ
1613 2584 1838 2651 ἀγαθὸν,

255 2688 396 2758 ὅπερ
421 2688 568 2739 ἐστὶν
599 2684 760 2745 αὐτὸς
800 2683 829 2735 ὁ
874 2681 1026 2744 Θεὸς,
1073 2680 1208 2749 μόνη
1233 2678 1433 2741 τελέως
1475 2678 1508 2747 ἡ
1537 2677 1724 2746 ἀγάπη
1752 2676 1839 2729 διὰ

254 2778 360 2847 τῆς
391 2776 572 2841 ἑξάδος
607 2774 714 2827 τῶν
777 2773 993 2825 οἰκείων
1051 2770 1235 2841 μερῶν
1262 2767 1668 2839 κατορθωθεῖσα
1713 2785 1840 2820 συν-

261 2869 479 2939 ίστησι⁶
518 2867 636 2937 μεθ’
668 2866 734 2937 ἣν
769 2866 862 2917 καὶ
885 2864 1252 2934 διαφερόντως
1283 2862 1400 2932 Θεῴ
1450 2862 1711 2913 συνάπτει
1749 2861 1839 2913 τὸν

257 2960 567 3033 ἄνθρωπον,
606 2960 704 3028 τῆς
736 2957 1016 3025 θεολογίας
1043 2957 1100 3009 τὸ
1131 2955 1241 3027 πῦρ
1272 2954 1671 3023 ἀναφλέγουσα.

1232 363 1312 424 ΙΝ
1343 363 2187 431 ΤΗΑΝΞῈιῦῐΠὶΑΤΙΟΝΕΜ
2228 367 2534 428 DOMINI.
2592 355 2599 361 ’

247 480 336 538 τοῦ
372 479 585 553 Πατρός
626 494 752 550 μου,
788 476 1237 547 κληρονομήσατε
1276 474 1375 546 τὴν
1411 474 1820 545 ἡτοιμασμένην
1851 483 1896 537 Α

1481 474 2145 546 οιμασμένηνΑιιιίοψιε
2234 477 2477 533 caelestis
2562 476 2709 533 illius
2792 477 3152 533 beatitudinis

3398 370 3505 433 94?.

3244 487 3502 551 tanquani

1928 569 2257 639 magnilicus
2309 571 2363 624 in
2410 570 2574 626 donis
2635 571 2977 627 diatribuens
3032 572 3114 627 sic
3156 571 3267 642 jam
3326 573 3502 644 d‘gnis

1930 659 2136 712 habitis
2191 660 2283 729 qui
2347 667 2559 715 starent
2611 675 2640 713 a
2696 659 2952 726 dextris,
3013 661 3093 715 ait
3144 678 3157 715 :
3217 679 3240 716 ι
3293 660 3506 724 Venite.

1929 749 2202 805 benedicti
2252 751 2438 804 Patris
2472 750 2600 815 mei,
2633 751 2909 821 possidete
2955 759 3205 821 paratqu
3230 754 3387 810 vobis
3424 771 3509 810 re-

1931 857 2095 911 gnum
2131 858 2159 895 a
2223 841 2619 897 constitutione
2682 843 2895 898 mundi.
2943 842 3164 898 Esnrivi
3224 848 3398 911 enim,
3456 858 3510 901 ct

1931 934 2167 990 dedistis
2213 936 2347 989 mihi
2393 935 2765 1002 manducare;
2806 937 2981 1003 sitivi,
3012 947 3066 992 et
3102 937 3338 995 dedistis
3374 940 3505 992 mihi

1932 1027 2151 1093 bibere;
2203 1028 2404 1097 hospes
2437 1044 2614 1091 eram,
2649 1035 2702 1082 et
2741 1028 3042 1099 eollegistis
3080 1045 3203 1095 me;
3232 1030 3434 1094 nudus,
3457 1040 3513 1084 et

1934 1119 2302 1189 cooperuistis
2359 1136 2474 1187 me;
2505 1120 2559 1174 in
2595 1134 2819 1174 carcere
2866 1136 3038 1183 eram,
3073 1129 3127 1176 et
3172 1122 3415 1177 venistis
3445 1124 3510 1175 ad

1934 1223 2019 1263 me
2047 1219 2105 1262 "‘.
2140 1228 2158 1260 ι
2189 1208 2327 1261 Cum
2362 1210 2529 1277 igitur
2555 1216 2635 1264 tot
2664 1211 2775 1264 sint
2802 1225 2864 1263 ac
2888 1210 3027 1265 tales
3050 1210 3341 1266 eharitatis
3365 1215 3514 1268 velut

1935 1301 2166 1369 species,
2198 1299 2660 1368 quentadmodum
2698 1301 2816 1369 ipsa
2860 1301 2912 1354 in
2948 1300 3261 1370 Erangeliis
3302 1302 3514 1358 Veritas

1938 1392 2228 1447 manifeste
2273 1393 2514 1460 clamat,
2586 1393 2855 1449 charitate
2895 1402 3077 1449 autem
3105 1395 3158 1448 in
3204 1395 3513 1465 proximum

1934 1484 2181 1539 Charitas
2230 1484 2285 1538 in
2339 1483 2508 1538 Deum
2558 1483 2807 1539 ﬁrmetur
2843 1524 2858 1548 ,
2916 1502 3023 1555 qua
3058 1487 3219 1541 etiam
3288 1504 3412 1543 rere
3451 1503 3515 1541 ac

1938 1574 2149 1629 sincere
2226 1584 2547 1628 contentum
2597 1575 2650 1629 in
2713 1591 2831 1630 eam
2894 1576 3229 1631 desiderium
3280 1579 3512 1644 habens,

1940 1674 2172 1733 speratae
2222 1665 2580 1720 beatitudinis
2632 1666 2833 1735 dignus
2891 1668 3231 1734 ostenditur;
3279 1684 3516 1740 eumque.

1946 1776 1963 1807 ‹
2005 1755 2062 1811 1η
2102 1758 2317 1811 duobus
2352 1757 2436 1812 his
2474 1757 2745 1813 mandatis
2780 1759 3035 1815 universa
3090 1759 3173 1814 lex
3204 1760 3436 1828 pendeat
3464 1774 3517 1818 et

1942 1850 2236 1920 prophetae,
2265 1859 2292 1886 η
2326 1870 2343 1903 ι
2382 1850 2840 1920 quemadmodum
2874 1853 3157 1923 Scriptura
3186 1854 3239 1908 in
3272 1852 3515 1927 Evange-

1942 1942 2033 1994 liis
2055 1941 2246 1994 statuit
2274 1957 2285 1991 :
2320 1940 2445 1995 hinc
2486 1941 2662 2011 palam
2694 1943 3010 2009 coniicitur,
3044 1959 3167 1999 esse
3192 1946 3513 2003 charitatem

1941 2048 2051 2102 prie
2095 2033 2352 2088 omnibus
2383 2033 2437 2086 in
2502 2032 2786 2103 Scriptura
2837 2035 3114 2104 expressis
3166 2036 3346 2103 bonis,
3404 2054 3515 2093 rem

1942 2127 2194 2181 maxima:
2233 2126 2628 2196 complcxionis
2683 2134 2847 2196 atque
2893 2142 3230 2197 supremam,
3264 2144 3364 2183 nec
3395 2145 3519 2184 esse

1942 2219 2112 2271 ullum
2144 2216 2365 2272 virtutis
2404 2233 2575 2288 genus
2599 2234 2707 2287 quo
2725 2217 2889 2272 homo
2903 2219 3227 2275 concilietur
3249 2236 3314 2275 ac
3336 2223 3517 2277 cohae-

1946 2318 2061 2363 reat
2121 2308 2250 2374 Deo,
2287 2310 2628 2379 gloriamque
2668 2310 2947 2363 caelestem
2980 2321 3033 2363 et
3074 2328 3301 2381 regnum
3339 2316 3520 2384 possi-

1944 2403 2088 2463 deat,
2144 2402 2290 2471 quod
2349 2417 2454 2456 non
2512 2405 2744 2471 pendeat
2776 2416 2805 2454 a
2833 2401 3130 2462 eharitate.
3165 2412 3331 2474 atque
3361 2406 3428 2460 ab
3455 2422 3517 2460 ea

1943 2509 2142 2548 arcana
2172 2493 2407 2562 quadam
2455 2495 2669 2548 ratione
2718 2493 3202 2562 comprehensum,
3255 2511 3320 2550 ac
3369 2498 3519 2553 velut

1946 2586 2197 2656 praesidio
2217 2586 2551 2641 custoditum
2571 2586 2857 2641 habeatur.
2878 2578 3061 2651 Quare
3083 2588 3246 2641 etiam
3274 2588 3519 2642 charitas

1944 2679 2089 2740 sola,
2117 2692 2344 2732 suarum
2378 2677 2614 2747 partium
2643 2676 2861 2730 senario
2888 2675 3128 2746 perfecte
3153 2685 3330 2746 gesta.
3363 2695 3519 2731 sum--

1943 2784 2084 2822 mam
2126 2769 2302 2830 illam,
2331 2766 2515 2836 qualis
2548 2775 2724 2836 potest
2771 2782 2895 2821 esse
2928 2767 3189 2830 hominis.
3231 2768 3523 2837 perfectio-

1944 2875 2067 2913 nem
2099 2875 2163 2913 ac
2189 2859 2508 2913 munditiem
2536 2854 2825 2913 constituit
2851 2859 3213 2930 philoSophiae
3240 2862 3433 2930 positae
3467 2862 3521 2915 in

1943 2954 2179 3017 actione,
2247 2950 2409 3020 cujus
2469 2952 2628 3005 linem
2690 2950 2880 3005 dicunt
2937 2967 3061 3007 esse
3111 2952 3337 3016 bonum,
3376 2955 3521 3025 quod

1946 3042 2085 3095 heus
2108 3041 2223 3108 ipse
2253 3048 2336 3093 est
2379 3056 2391 3090 :
2428 3049 2547 3108 post
2574 3056 2737 3109 quam
2763 3041 2951 3103 etiam,
2986 3041 3299 3096 accendens
3326 3058 3523 3113 nempe

1944 3132 2228 3199 theologia:
2261 3130 2468 3200 ignem,
2511 3131 2724 3200 egregie
2760 3131 3041 3185 hominem
3072 3132 3360 3202 coniungit
3391 3133 3518 3189 Deo.

348 3226 483 3279 Ἀλλ’
520 3227 641 3278 ὅτιυ
663 3223 821 3293 χάριν
844 3221 1060 3292 εἴρηται
1085 3220 1291 3283 ταῦτα;
1321 3222 1491 3290 Φημὶ,
1522 3222 1603 3274 ὅτι
1639 3223 1685 3273 εἰ
1712 3222 1837 3289 μέλ·
1866 3187 1914 3250 C
2014 3218 2021 3271 l

1866 3187 1914 3250 ρ
2014 3218 2304 3273 Enimvero
2353 3234 2617 3288 quorsum
2679 3220 2792 3272 haec
2844 3220 2991 3273 dicta
3032 3221 3516 3283 sunl?Nitnirutn,

258 3324 342 3375 λοι
376 3339 455 3384 τις
488 3319 578 3372 ἐπὶ
616 3318 709 3370 τοῦ
738 3318 895 3386 ὅρους
921 3314 1021 3383 τῆς
1046 3313 1256 3383 ὑψηλῆς
1287 3311 1540 3381 θεωρίας,
1563 3311 1637 3375 ὡς
1668 3312 1841 3383 μαθη-

259 3417 360 3485 τὴς
402 3412 480 3483 τῷ
532 3410 674 3480 λόγῳ
729 3403 1259 3476 συνεπαρθήσεσθαι,
1318 3404 1416 3472 τῆς
1472 3421 1529 3457 τε
1570 3403 1841 3473 βασιλείας

260 3506 483 3574 ἐκείνης
501 3504 599 3575 τὴν
620 3499 914 3572 ἀπρόσιτον
937 3496 1165 3566 ὄψεσθαι
1196 3494 1373 3561 δόξαν,
1404 3496 1496 3548 καὶ
1522 3496 1615 3564 τῆς
1640 3496 1841 3565 ὁρατῆς

261 3596 428 3651 αὐτοῦ
464 3596 554 3648 καὶ
583 3593 779 3663 νοητῆς
810 3589 1126 3656 θεοφανείας
1156 3586 1587 3658 ἀξιωθήσεσθαιο
1622 3588 1841 3641 ἐπειδὰν

260 3689 473 3759 ἀκούσῃ
502 3684 739 3757 Χριστοῦ
771 3677 1310 3753 προαναφωνοῦντος,
1339 3679 1441 3732 οὐκ
1491 3679 1569 3741 είς
1626 3680 1839 3749 μακρὰν

262 3779 430 3834 αὐτοῦ
460 3778 557 3845 τὴν
585 3775 861 3846 βασιλείαν
895 3772 1213 3825 ἐλεύσεσθαι
1248 3769 1444 3841 (τοῦτο
1477 3769 1640 3839 γάρὴ
1679 3787 1836 3839 μετα.

268 3876 574 3946 μόρφωσις,
601 3868 721 3925 καθ’
767 3868 836 3939 ἠν
884 3868 912 3919 ὀ
962 3864 1342 3927 ἀναλλοίωτος,
1386 3861 1527 3932 ὑπὲρ
1557 3862 1648 3914 τὸν
1691 3861 1840 3931 ἥλιον

264 3966 475 4035 ἔλαμψε
499 3963 559 4017 τὸ
589 3962 728 4033 ὑπὲρ
761 3960 904 4030 ἡμᾶς
924 3960 1016 4012 καὶ
1037 3956 1307 4028 ⁴ἡμέτερον
1326 3954 1372 4027 ),
1403 3953 1589 4025 θρέψει
1622 3953 1718 4024 μὲν
1748 3954 1841 4007 καὶ

266 4060 481 4112 ποτίσει
513 4055 745 4127 Χριστὸν
783 4051 1054 4105 πεινῶντα
1077 4049 1172 4103 καὶ
1202 4046 1442 4115 διψῶντα
1484 4045 1581 4117 τὴν
1626 4046 1842 4099 πάντων

265 4151 566 4221 σωτηρίαν.
603 4150 671 4201 Ἤ
720 4149 814 4200 καὶ
866 4145 1080 4207 ἀλλως’
1125 4142 1214 4196 διὰ
1272 4140 1379 4193 τῶν
1417 4139 1708 4209 δεομένων,
1753 4139 1842 4191 τὸν

264 4244 432 4295 πᾶσιν
462 4236 861 4292 είσοικισθὲντα
895 4236 1006 4296 τοῖς
1030 4230 1287 4285 λαϐοῦσιν
1314 4229 1478 4284 αὑτὸν
1506 4228 1594 4283 διὰ
1628 4230 1724 4300 τῆς
1756 4229 1843 4281 τιί-

269 4349 474 4396 στεως·
546 4328 839 4397 συναγάγοι
888 4327 946 4380 δὲ
986 4326 1030 4357 ³¹
1074 4321 1448 4389 ξενιτεύοντα,
1511 4320 1722 4374 ὲνδὺσει
1787 4322 1842 4375 δὲ

263 4423 704 4494 γυμνητεύοντα,
728 4418 1058 4490 θεραπεύσει
1075 4417 1130 4470 δὲ
1153 4414 1507 4479 ἀσθενοῦντα,
1533 4414 1627 4467 καὶ
1657 4417 1714 4466 ἐν
1746 4432 1846 4483 φυ-

1943 3314 2069 3380 quia
2124 3314 2169 3368 si
2224 3313 2347 3383 quis
2402 3327 2507 3365 una
2535 3327 2657 3366 cum
2694 3310 2872 3366 Verbo
2902 3320 3164 3382 tanquam
3211 3312 3517 3384 discipulus

1945 3406 1996 3458 in
2029 3415 2268 3460 montem
2299 3404 2553 3459 sublimis
2595 3405 3076 3475 contemplationis
3131 3406 3520 3463 subvehendas

1943 3506 2047 3561 est,
2077 3497 2339 3567 regnique
2364 3498 2511 3551 illius
2558 3497 2992 3554 inaecessihilem
3051 3509 3376 3568 aspectnrus
3403 3503 3521 3571 glon

1945 3592 2104 3652 riatn,
2156 3597 2319 3659 atque
2359 3585 2579 3665 risibili
2633 3588 3072 3659 intelligibilique
3104 3591 3520 3663 Deiapparitin-

1945 3698 2011 3736 ne
2043 3681 2451 3747 honestandus;
2504 3690 2798 3751 postquam
2848 3683 3132 3739 Christum
3169 3686 3516 3757 praeloquen-

1945 3779 2050 3826 tem
2084 3772 2346 3837 audierit,
2384 3772 2496 3828 fore
2524 3784 2708 3828 utnon
2731 3775 2903 3830 multo
2923 3787 3044 3845 post
3081 3779 3258 3832 Veniat
3289 3795 3515 3849 regnum

1945 3862 2149 3932 ipsius;
2205 3862 2255 3916 id
2286 3864 2432 3917 enim
2461 3873 2547 3919 est
2590 3866 3028 3935 transliguratio,
3077 3884 3186 3937 quo
3215 3869 3261 3923 is
3295 3870 3388 3940 qui
3430 3871 3517 3925 in-

1946 3954 2226 4009 variahilis
2251 3962 2355 4019 est,
2394 3971 2558 4025 quant
2578 3971 2675 4026 pro
2694 3958 2852 4013 nobis
2874 3968 3230 4030 nostramque
3259 3972 3514 4014 naturam

1947 4046 2162 4114 induit,
2219 4048 2498 4103 illustrius
2555 4048 2673 4103 sole
2729 4048 3059 4103 illuminavit
3117 4069 3129 4105 :
3192 4052 3515 4121 ejusmodi,

1946 4127 2187 4210 inquam,
2221 4138 2503 4195 Christum
2548 4140 2904 4207 esurientem,
2956 4141 3231 4198 sitientem
3284 4143 3514 4200 salutent

1943 4237 2210 4302 omnium,
2303 4235 2514 4305 paverit
2570 4242 2625 4290 et
2685 4238 2978 4306 potaverit.
3030 4236 3139 4293 Aut
3186 4238 3352 4293 etiam
3414 4241 3521 4294 alio

1950 4328 2251 4393 intellectu,
2304 4328 2375 4381 ita
2430 4327 2711 4383 Christum
2771 4328 2823 4382 in
2870 4329 3125 4385 omnibus
3176 4331 3515 4388 habitantem

1949 4421 2041 4490 qui
2077 4421 2256 4491 ipsum
2300 4419 2404 4474 [ide
2439 4432 2827 4489 susceperunt,
2861 4437 2956 4491 per
2978 4437 3179 4493 egenos
3223 4422 3476 4480 habuerit
3505 4465 3519 4484 .

262 4519 409 4587 λακῇ
435 4514 830 4584 καθειργμένον
853 4512 913 4565 οὐ
948 4509 1275 4581 παρόψεταιν
1308 4506 1457 4577 πόθῳ
1494 4506 1587 4560 τοῦ
1620 4507 1842 4576 εὐεργε-
1880 4530 1920 4583 ῐ)

1880 4530 1920 4583 ι)
1950 4513 2230 4584 collegerit
2281 4528 2411 4567 vero
2446 4512 2719 4582 hospitem
2756 4551 2771 4577 ,
2809 4513 3014 4567 nudum
3053 4514 3313 4581 induerit,
3365 4516 3518 4570 inlir-

261 4610 381 4662 τεῖν
430 4606 674 4677 σφοδρῶς
729 4604 1115 4673 ἐπειγόμενος·
1174 4602 1267 4653 καὶ
1315 4598 1404 4653 διὰ
1438 4599 1534 4669 τὴν
1557 4599 1847 4669 ἐπαινετὴν

263 4700 378 4752 τῶν
427 4698 607 4751 καλῶν
657 4695 988 4764 ἀπληστίαν,
1042 4694 1103 4747 οῦ
1160 4694 1319 4763 μέχρι
1349 4692 1458 4745 τῶν
1507 4693 1848 4763 φαινομένων

266 4793 531 4860 στήσεται
556 4807 568 4820 ·
602 4789 721 4841 οὐδὲ
753 4790 817 4857 τῇ
851 4788 980 4857 περὶ
1011 4787 1078 4839 τά
1108 4785 1213 4850 ἔξω
1272 4785 1638 4856 φιλοφροσύνῃ
1688 4802 1846 4855 περι-

264 4884 510 4953 σρίσεται
558 4880 656 4950 τὴν
687 4882 765 4942 είς
797 4880 885 4933 τὸν
912 4878 1296 4949 φιλάνθρωπον
1343 4876 1620 4944 Δεσπότην
1662 4876 1848 4943 φιλαν-

266 4972 519 5043 θρωπίαν
542 4987 553 4999 '
604 4969 747 5025 οὕτω
777 4970 884 5037 γάρ
919 4968 1107 5039 0αρῥῶ
1146 4968 1346 5036 λέγειν,
1382 4966 1711 5020 ἀποσκοπῶν
1764 4969 1842 5029 εἰς

266 5062 353 5124 τὸ,
383 5080 402 5113 ι
449 5062 561 5130 Ἐφ’
581 5063 706 5115 ὅσον
729 5061 811 5112 ἑνὶ
834 5058 1041 5112 τούτων
1070 5058 1178 5110 τῶν
1205 5058 1501 5128 ἐλαχίστων
1528 5059 1840 5127 ἐποιήσατε,

266 5155 397 5223 ἐμοὶ
429 5154 718 5223 ἐποιήσατε
742 5164 753 5179 ⁸
798 5171 815 5202 ι
862 5151 1000 5204 ἀλλὰ
1051 5151 1143 5203 καὶ
1176 5150 1717 5225 ἐνδοτέρωχωρήσει
1750 5149 1843 5202 τοῦ

267 5245 628 5317 φαινομένου,
671 5245 765 5297 καὶ
809 5244 913 5297 τῶν
944 5243 1190 5313 ψυχικῶν
1227 5241 1563 5313 παθημάτων
1594 5243 1847 5312 φροντίδα

269 5341 558 5408 ποιήσεται
586 5377 600 5400 ,
637 5338 730 5390 καὶ
786 5337 1024 5407 ἰατρείαν
1059 5336 1335 5406 ἐπινοήσει
1364 5336 1462 5405 τὴν
1493 5338 1804 5406 πρέπουσαν
1830 5350 1842 5362 ·

267 5432 370 5484 καὶ
405 5449 421 5479 t
455 5427 863 5497 κατασκηνώσει
892 5428 989 5497 μὲν
1020 5431 1098 5491 εἰς
1127 5428 1285 5480 τόπον
1306 5427 1467 5499 χλόης
1503 5449 1519 5480 ι
1558 5429 1848 5500 θρέμματα

266 5521 469 5588 λογικά
500 5522 591 5573 καὶ
618 5520 894 5589 ἀρτιπαγῆ
917 5520 1049 5589 πρδς
1074 5518 1377 5584 εὐσέΰειαν,
1408 5538 1425 5571 ι
1454 5521 1547 5573 ἐπὶ
1576 5521 1631 5573 δὲ
1660 5520 1850 5582 ὓδατος

348 5645 382 5667 ι·
414 5636 600 5689 Matth.
637 5653 758 5701 τιν,
795 5638 983 5692 54-56.
1067 5648 1092 5674 ιι
1123 5635 1310 5691 Matth.
1338 5652 1471 5699 xstt,
1514 5635 1604 5690 ιο.

1950 4620 2097 4659 tuum
2140 4604 2440 4669 curaverit,
2497 4603 2779 4659 detentum
2811 4605 2866 4660 in
2900 4618 3126 4662 carcere
3165 4622 3275 4662 non
3305 4623 3518 4678 spreve-

1947 4696 2032 4759 rit,
2120 4694 2501 4749 vehementius
2572 4694 2873 4767 instigante
2946 4697 3222 4753 desiderio
3286 4698 3522 4754 faciendi

1947 4788 2116 4852 bene;
2151 4801 2214 4839 ac
2241 4801 2413 4855 neque
2454 4786 2508 4839 in
2540 4785 2611 4841 iis
2643 4802 2765 4857 qure
2807 4788 3168 4858 aspectabilia
3199 4794 3351 4855 su'nt,
3384 4806 3520 4860 pro-

1950 4885 2070 4946 pter
2124 4875 2451 4928 laudabilem
2504 4874 2770 4930 bonorum
2828 4876 3194 4932 insatietatem
3254 4880 3471 4933 steterit
3506 4921 3519 4942 ,

1964 4983 2139 5030 uertite
2169 4982 2320 5021 suam
2355 4968 2407 5019 in
2452 4966 2742 5037 benignum
2777 4966 3066 5022 Dominum
3095 4977 3315 5038 totaque
3348 4971 3524 5025 homi-

1954 5076 2084 5114 num
2134 5074 2306 5129 genus
2346 5059 2713 5128 propensione
2774 5072 3071 5125 amantem,
3126 5062 3517 5119 humanitatem

1952 5151 2290 5222 benignitate
2342 5158 2393 5204 et
2434 5151 2810 5206 benevolentia
2875 5153 2929 5206 in
2974 5153 3024 5207 id
3054 5154 3198 5223 quod
3230 5164 3513 5210 externum

1959 5250 2152 5314 paret,
2201 5242 2477 5297 diliinierit
2526 5258 2588 5297 ac
2649 5245 2987 5299 arctaverit:
3042 5247 3202 5316 plane
3253 5252 3398 5303 enim
3442 5249 3523 5303 sic

1956 5336 2160 5391 audens
2210 5334 2355 5398 dico,
2402 5334 2468 5388 ad
2502 5333 2630 5389 illud
2661 5338 2958 5406 respiciens
2988 5338 3131 5407 quod
3161 5338 3365 5394 dictum
3399 5353 3478 5394 cst
3508 5356 3517 5391 :

1962 5448 1978 5480 ι
2018 5426 2265 5493 Quantliu
2292 5426 2498 5481 fecistis
2542 5427 2634 5481 uni
2668 5443 2733 5481 ex
2792 5428 2877 5484 his
2917 5429 3193 5496 minimis,
3230 5431 3361 5485 mihi
3395 5430 3525 5485 feci-

1973 5520 2070 5573 stis
2102 5525 2126 5551 ο
2166 5533 2178 5568 z
2223 5537 2240 5568 ι
2293 5517 2427 5587 quin
2486 5520 2790 5587 penetrabit
2819 5519 2884 5574 ad
2931 5520 3191 5575 interiora
3226 5520 3346 5591 ejus
3377 5524 3521 5593 qneal

1726 5642 1749 5669 ο
1780 5634 1971 5688 Matth.
1994 5644 2114 5698 xxv,
2152 5632 2241 5688 40.

1563 5744 1793 5807 ΥᾹ“ΒΙ.¹Ε
1830 5749 2228 5808 LECTIONES.

381 5845 424 5879 ³³
456 5842 615 5899 Forte
652 5845 769 5910 μέν.
