4236 6440
249 378 351 444 945

1229 370 1310 432 IN
1352 365 2191 432 TRANSFIGURATIONEM
2216 362 2516 428 DOMINI.

3402 355 3506 421 946

248 499 378 568 παρ’
434 492 634 563 ἑαυτῆς
696 492 729 562 ἡ
783 489 882 561 ὕλη
955 488 1112 561 φέρει
1185 488 1250 541 τὸ
1290 488 1528 543 ἄτακτον
1599 490 1693 542 καὶ
1734 491 1903 553 ἀνοΑ

1855 486 2155 553 Ληιίηιιες
2224 482 2472 555 quandiu
2558 479 2820 535 nimirum
2876 475 3134 533 voluntas
3193 475 3506 533 mutatione

248 588 487 658 ὡμαλον,
516 586 547 657 ἢ
580 587 673 638 καὶ
693 586 811 647 ταῖς
839 581 1039 649 ἔξωθεν
1058 581 1345 652 ὲπηρείαις
1375 580 1821 652 καὶδυσχερειαις

247 682 548 734 ἁλίσκεται.
585 677 676 731 Διὸ
727 677 821 729 καὶ
869 676 1109 745 μάλιστα
1139 672 1537 745 φιλανθρώπως
1571 672 1822 744 ἀλλήλοις

249 767 532 839 χρηστέον,
562 766 648 819 ἵνα
675 766 768 819 καὶ
799 765 974 828 ἄλλως
1012 763 1216 834 μᾶλλον
1248 762 1473 825 ἑαυτοὺς
1517 762 1823 834 εὐεργετῶ-

251 876 373 929 μεν.
404 859 477 911 Τὸ
517 858 623 927 γὰρ
650 857 996 925 εὐεργέτημα
1028 852 1211 923 μεῖζον
1243 852 1438 906 ἑαυτοῦ
1468 853 1621 923 παρὰ
1645 851 1722 922 τῷ
1763 847 1822 905 εὗ

248 952 475 1004 παίόντι
506 949 820 1019 γενόμενον,
854 948 948 1000 ἐπὶ
992 947 1082 999 τὸν
1121 946 1417 1016 εὐεργέτην
1445 945 1825 1015 δαψιλέστερον

249 1044 641 1095 ἅντεπᾶινεισιο
692 1042 786 1093 καὶ
843 1038 1017 1098 οὕτως
1063 1041 1120 1091 ὲν
1171 1039 1249 1106 τῷ
1307 1036 1714 1107 εὐεργετεῖσθαι
1766 1035 1826 1088 τὸ

252 1137 557 1206 εὐεργετεῖν
587 1132 1075 1202 ἀντιπεριίσταται.
1107 1131 1295 1201 Τούτῳ
1321 1130 1379 1183 δὲ
1413 1129 1691 1199 προδήλως
1734 1129 1827 1182 καὶ

255 1231 503 1297 μιμεῖται
532 1227 665 1279 Θεὸν
701 1224 988 1293 ἄνθρωπος
1016 1240 1029 1254 ’
1076 1224 1109 1293 ὴ
1149 1223 1207 1275 δὲ
1243 1224 1493 1290 μίμησις,
1517 1222 1824 1283 οἰκείωσιςο

252 1320 286 1387 ἡ
310 1319 365 1370 δὲ
394 1317 692 1378 οἰκείωσις,
724 1316 1045 1386 ἐξομοίωσις
1067 1330 1078 1342 ·
1103 1316 1136 1383 ἡ
1169 1313 1246 1379 δὲ,
1274 1316 1384 1366 τῶν
1415 1311 1637 1380 ἀγαθῶν
1664 1313 1831 1383 ἀκρό-

253 1427 433 1463 τατον.
492 1409 654 1478 Ὁρᾷς
705 1410 805 1476 τῆς
857 1405 1268 1474 φιλανθρωπίας
1319 1404 1547 1471 πηλίκος
1597 1405 1748 1456 ἐστὶν
1803 1406 1830 1456 ὁ

253 1502 502 1573 καρπός;
552 1499 708 1553 Οὕτω
755 1499 811 1551 δὲ
863 1500 959 1552 καὶ
1002 1497 1090 1550 διὰ
1132 1497 1231 1566 τῆς
1284 1497 1601 1559 αὐτοτελοῦς
1647 1495 1830 1559 ἑξάδος

252 1591 363 1644 τῶν
391 1590 640 1654 ἐντολῶν,
671 1590 835 1659 φόϐον
866 1589 1082 1642 ᾶπαντα
1118 1587 1461 1658 δουλοπρεπῆ
1496 1588 1830 1657 παρωσάμε-

255 1700 363 1747 νος,
404 1684 550 1752 μετὰ
596 1682 696 1750 τῆς
742 1680 920 1748 κακῆς
971 1678 1078 1732 τῶν
1134 1678 1322 1732 παθῶν
1365 1678 1695 1749 ἀχθηδόνος,
1737 1679 1831 1731 καὶ

256 1775 449 1827 ἑαυτὸν
478 1774 831 1843 ἀνακαθήρας
857 1772 931 1836 ὡς
959 1766 1069 1825 οἶόν
1096 1789 1178 1833 τε,
1212 1772 1307 1823 καὶ
1334 1774 1392 1823 ἐν
1416 1776 1480 1840 τῇ
1523 1773 1710 1842 ἀγάπῃ
1742 1789 1832 1825 τε-

1927 578 2209 643 subditur,
2272 582 2499 647 ipsaque
2561 587 2591 627 a
2661 587 2721 628 se
2755 572 2987 628 materia
3034 570 3505 627 inordinatiouem

1928 683 1990 723 ac
2048 666 2475 723 inconstantiam
2531 662 2758 719 adducit
2788 662 2865 732 (9)
2905 664 2991 717 vel
3035 662 3204 717 etiam
3258 660 3507 715 externis

1929 758 2153 828 injuriis
2188 756 2569 824 molestiisque
2623 752 2999 822 intercipitur.
3033 751 3215 818 Quare
3282 759 3511 822 praestat

1927 851 2151 906 omnino
2218 857 2280 903 ut
2324 858 2432 902 tota
2477 836 2821 900 humanitate
2883 844 3123 898 invicem
3171 854 3502 907 coutamur,

1928 958 2038 1013 quo
2068 951 2121 996 et
2154 941 2356 1011 alioqui
2396 941 2502 1010 ipsi
2540 938 2700 992 nobis
2748 937 3077 992 beneﬁciutu
3111 936 3289 1005 majus
3317 934 3509 989 confe-

1934 1053 2141 1093 ratnus.
2185 1033 2522 1089 Beneﬁcium
2555 1031 2760 1099 quippe
2822 1029 3007 1099 scipso
3052 1028 3276 1082 auctius
3310 1027 3445 1081 redit
3479 1041 3508 1076 ιι

1931 1127 2258 1184 beneticiato
2291 1124 2357 1178 ad
2391 1122 2697 1177 bettcﬁCum
2737 1139 2748 1174 :
2787 1130 2952 1190 atque
2986 1120 3127 1175 adeo
3173 1120 3229 1174 in
3257 1116 3508 1172 beneficii

1931 1218 2253 1287 acceptione
2304 1213 2552 1282 quaedam
2608 1211 2897 1280 reciproca
2966 1209 3216 1263 benelicii
3283 1206 3509 1261 collatio

1929 1320 2032 1366 est.
2105 1307 2183 1362 Eo
2244 1306 2390 1361 enim
2443 1304 2732 1374 perspicue
2794 1303 2961 1357 homo
2997 1299 3165 1355 Deum
3231 1301 3504 1353 imitatur.

1933 1402 2170 1456 imitatio
2208 1406 2412 1463 autem,
2448 1396 2765 1451 conciliatio
2799 1403 2883 1450 est
2910 1411 2924 1461 ;
2949 1393 3273 1448 conciliatio
3297 1400 3505 1454 autem,

1933 1495 2263 1550 assimilatio
2294 1501 2349 1561 et
2373 1488 2664 1560 expressio
2701 1505 2713 1542 :
2742 1504 2917 1558 eaque
2937 1501 3256 1557 supremum
3282 1486 3509 1547 bouutn,

1938 1587 2131 1643 Videu‘
2188 1595 2426 1657 quantus
2485 1584 2558 1638 sit
2598 1582 2961 1636 humanitatis
3020 1591 3077 1635 et
3111 1577 3513 1634 misericordia:

1934 1679 2186 1735 fructus?
2227 1678 2318 1732 Sic
2386 1690 2514 1729 vero
2557 1676 2745 1737 etiam,
2780 1675 2970 1743 scipso
3006 1670 3254 1742 perfecto
3286 1672 3512 1725 manda-

1935 1780 2114 1826 torum
2151 1768 2396 1829 senario,
2426 1774 2571 1820 metu
2605 1765 2755 1818 omni
2781 1764 2972 1818 servili
2998 1778 3105 1817 una
3155 1777 3282 1817 cum
3310 1762 3510 1816 vitiosa

254 1867 525 1927 λειωθεὶς,
574 1863 736 1919 ἆθλον
788 1867 991 1937 ἀρετῆς
1047 1869 1342 1936 κομιεῖται,
1402 1866 1578 1939 [καὶ]
1629 1870 1727 1935 τῆς
1774 1869 1831 1919 ὲν
1862 1834 1904 1889 Β

1862 1834 1904 1889 Β
1938 1864 2409 1937 perturbationum
2473 1860 2724 1913 molestia
2781 1858 3035 1926 depulso,
3081 1859 3280 1928 suique
3347 1873 3512 1927 quam

256 1960 528 2028 πνεύματι
583 1960 817 2028 φυσικῆς
872 1958 1107 2028 θεωρίας
1156 1957 1255 2028 τὴν
1290 1958 1590 2012 ἄπταιστον
1633 1960 1834 2027 γνῶσιν

255 2052 363 2106 τῶν
394 2052 500 2105 ὑπο
531 2052 576 2084 ³⁸
607 2052 798 2123 χρόνον
825 2051 920 2103 καὶ
950 2050 1135 2121 φύσιν,
1166 2052 1261 2104 καὶ
1297 2052 1388 2104 τὸν
1423 2055 1479 2106 ἐν
1514 2050 1571 2116 ἓξ
1602 2053 1834 2123 ἡμέραις

257 2145 565 2199 ὑποστάντα
595 2145 821 2214 κόσμον,
863 2144 954 2197 τὸν
988 2143 1170 2197 ὑλικὸν
1215 2143 1312 2198 καὶ
1340 2144 1635 2215 ὁρώμενον,
1668 2145 1834 2198 τύπον

257 2233 415 2298 εἰδὼς
442 2233 537 2289 τοῦ
568 2235 969 2304 ἀναὸεὸηκότος
995 2235 1093 2305 τὴν
1132 2234 1408 2304 αἴσθησιν,
1440 2234 1628 2305 ὅψεται
1657 2235 1834 2299 καλῶς

254 2326 345 2378 δια
381 2326 474 2378 τοῦ
506 2326 784 2395 ὁρωμένου
816 2326 906 2379 τὸν
947 2325 1020 2396 μὴ
1048 2324 1346 2396 ὁρώμενον,
1380 2327 1833 2398 μεταρῤυθμίζων

259 2419 595 2487 ἐναρμονίοις
626 2419 717 2471 ἐπὶ
748 2418 846 2487 τὴν
871 2418 1069 2488 νοητὴν
1102 2418 1196 2471 καὶ
1224 2418 1543 2486 πολύφωτον
1569 2418 1836 2491 ὡραιότη-

256 2525 325 2562 τα
348 2509 416 2561 τὰ
442 2509 615 2578 κάλλη
652 2509 760 2562 τῶν
793 2510 1161 2579 φαινομένων.
1203 2510 1313 2564 Καὶ
1343 2510 1485 2563 οὕτω
1513 2511 1608 2583 τὴν
1636 2513 1831 2577 κτίσιν,

257 2600 353 2653 ἐπὶ
385 2600 474 2654 τὸν
529 2602 729 2671 ἑαυτῆς
777 2600 950 2655 αἴτιον
1002 2600 1114 2666 ἕξει
1168 2602 1615 2672 χειραγωγοῦσαν
1669 2604 1832 2656 αὑτοῦ

258 2692 356 2762 τὴν
381 2692 639 2746 διάνοιαν.
662 2694 825 2745 Ὥστε
846 2693 913 2745 δι’
942 2692 1294 2763 ἀμφοτέρων,
1320 2694 1572 2764 πράξεως
1600 2695 1663 2765 δὴ
1692 2695 1835 2763 λέγω

260 2785 351 2836 καὶ
385 2782 639 2855 θεωρὲαε,
686 2785 823 2854 μετὰ
857 2786 955 2854 τὴν
999 2787 1057 2837 ὲν
1096 2787 1300 2854 ἀμφοῖν
1348 2786 1681 2856 τελειότητα,
1737 2787 1835 2856 τὴν

261 2875 349 2927 διὰ
394 2876 489 2944 τῆς
524 2876 708 2940 ἑξάδος
748 2877 856 2929 τῶν
902 2876 1064 2932 θείων
1098 2878 1349 2941 ἐντολῶν,
1388 2878 1481 2931 καὶ
1516 2879 1693 2949 μέντοι
1744 2881 1837 2933 καὶ

262 2966 367 3017 τῶν
405 2967 628 3035 ἡμερῶν
658 2967 1014 3038 δηλουμένην,
1048 2969 1105 3020 ἐν
1146 2965 1227 3032 οἷς
1258 2970 1285 3021 6
1314 2969 1587 3039 ἐρώμενος
1618 2972 1830 3040 ὑπέστη

259 3060 483 3123 κόσμος,
531 3059 822 3128 δυνήσεται
881 3060 1136 3130 καθαρῶς
1194 3062 1455 3125 συνιέναι,
1512 3062 1567 3114 τί
1630 3065 1690 3116 τὸ
1738 3065 1835 3133 τῆς

1936 1965 2119 2028 potest
2148 1954 2335 2009 haberi
2375 1953 2637 2016 maxima,
2661 1949 3055 2005 emundatione
3075 1963 3138 2002 ac
3158 1964 3515 2004 consumma-

1937 2059 1989 2102 ta
2026 2048 2300 2103 cliaritate
2325 2084 2339 2110 ,
2373 2044 2595 2097 virtutis
2630 2058 2692 2095 ac
2726 2041 2999 2095 naturalis
3053 2041 3107 2094 in
3149 2041 3349 2110 spiritu
3381 2055 3514 2094 con-

1937 2138 2313 2210 templationis
2347 2133 2462 2205 (10)
2496 2133 2825 2188 inollensam
2862 2146 3043 2186 rerum
3106 2146 3270 2201 supra
3296 2139 3514 2202 tempus

1936 2242 2303 2299 naturamque
2367 2227 2676 2298 positarum
2734 2223 3046 2285 scientiam.
3106 2227 3394 2293 praemium
3430 2240 3513 2276 re-

1938 2322 2239 2393 portaverit
2273 2335 2287 2372 :
2322 2319 2626 2389 vidensque
2658 2318 2921 2372 mundum
2959 2319 3157 2373 diebus
3201 2317 3352 2371 senis
3382 2333 3515 2372 cou-

1937 2416 2152 2479 ditum,
2204 2413 2383 2479 illum,
2428 2413 2673 2483 inquam,
2702 2414 2754 2466 in
2788 2413 3039 2476 materia,
3081 2422 3135 2467 et
3161 2413 3337 2467 oculis
3381 2412 3513 2466 sub-

1933 2509 2171 2579 jectum;
2238 2506 2426 2561 mundi
2501 2520 2666 2576 supra
2723 2520 2945 2559 sensum
3032 2506 3226 2560 elcvati
3288 2505 3514 2576 ﬁguram

1937 2601 2137 2671 probe,
2192 2599 2335 2669 quod
2404 2599 2543 2666 l'ugit
2584 2598 2780 2652 oculos
2837 2612 2939 2651 nec
2988 2599 3262 2668 aspectari
3295 2605 3513 2667 potest;

1936 2710 2116 2751 rerum
2166 2691 2466 2747 visibilium
2518 2697 2747 2744 ornatas
2781 2689 2833 2743 iit
2870 2690 3179 2758 spiritalem
3227 2690 3517 2757 multoque

1937 2788 2142 2841 lumine
2203 2783 2747 2838 iilustremdecorem
2803 2782 3077 2836 concinna
3128 2781 3519 2836 accommoda-

1943 2881 2093 2932 tioue
2142 2877 2506 2940 transferens,
2568 2889 2635 2928 eo
2670 2875 2816 2945 quod
2868 2888 3196 2943 corporeum
3263 2874 3519 2944 subjacet

1938 2971 2141 3031 oculis,
2172 2971 2486 3040 perspiciet.
2522 2966 2723 3036 Sicque
2774 2966 3017 3020 futurum
3043 2974 3128 3021 est
3160 2976 3219 3021 ut
3263 2975 3516 3022 creatura

1939 3065 2183 3117 animum
2241 3063 2361 3130 ejus
2398 3063 2452 3114 in
2521 3076 2680 3115 suum
2756 3059 2933 3130 ipsius
2988 3060 3133 3113 velut
3179 3060 3519 3114 manuducat

258 3147 452 3217 ὀγδόης
489 3149 803 3218 μυστήριον.
848 3151 912 3202 '0
939 3149 1024 3201 διὰ
1056 3150 1154 3217 τῆς
1185 3150 1278 3203 τοῦ
1314 3152 1499 3205 Δουκᾶ
1543 3169 1833 3221 μυσταγω-
1864 3171 1905 3228 C

1864 3171 1905 3228 ε
1942 3156 2293 3225 principium.
2332 3152 2699 3219 Quamobrem
2725 3152 3234 3220 utroque,actione,
3265 3150 3511 3222 inquam,

257 3238 408 3302 γίας,
446 3239 521 3301 ὣς
568 3238 632 3307 γέ
683 3257 770 3310 μοι
818 3240 1092 3308 φαίνεται,
1138 3242 1688 3313 παραγυμνούμενον,
1738 3245 1837 3299 ἴδοι

257 3343 345 3387 τις
376 3327 442 3381 ἂν
468 3328 574 3379 τῶν
621 3328 972 3397 θεωρητικῶν
1006 3346 1065 3382 τε
1107 3333 1201 3382 καὶ
1236 3330 1349 3384 ἄνω
1401 3332 1710 3401 βεϐηκότων
1738 3336 1838 3404 τὴν

264 3415 539 3486 αἴσθησιν.
593 3417 667 3470 Τό
711 3420 768 3471 δὲ
809 3420 1101 3490 λεγόμενον
1147 3422 1241 3474 καὶ
1289 3420 1545 3489 γνώσεως
1582 3423 1836 3494 ἀληθοῦς,

266 3508 372 3572 ἔξω
422 3510 622 3581 σαρκὸς
670 3511 764 3564 καὶ
807 3513 1014 3583 κόσμου
1058 3512 1366 3585 γενόμενοι,
1403 3515 1525 3568 καθ’
1568 3516 1693 3571 ὅσον
1745 3519 1843 3586 ἔφ-

266 3600 416 3653 mm
459 3601 713 3665 ἐνταῦθα,
738 3603 806 3656 τὲ
832 3604 932 3674 τῆς
963 3604 1265 3674 μελλούσης
1296 3607 1683 3673 καταστάσεως
1706 3611 1842 3681 εἴδη,

262 3691 324 3757 ἐξ
373 3684 446 3744 ὧν
503 3694 899 3766 ἐπειράθησαν,
959 3696 1400 3767 διδαχθήσονται.
1462 3700 1622 3754 Ἀλλὰ
1674 3701 1845 3755 ταῦτα

266 3784 387 3854 μὲν,
419 3786 543 3838 ὅσον
562 3788 1091 3859 προοδοποιῆσασθαι
1125 3793 1189 3862 τῇ
1220 3790 1490 3866 μελλούσῃ
1517 3796 1626 3857 τοῖς
1655 3795 1844 3865 διορα-

260 3878 583 3947 τικωτέροις
607 3880 698 3932 ἐπὶ
730 3880 829 3935 τςῖ.
861 3880 1021 3952 ὄρους
1066 3885 1552 3954 φανερωθήσεσθαι
1596 3886 1721 3957 δόξῃ
1751 3888 1845 3942 καὶ

260 3967 471 4037 χάριτι.
503 3971 631 4022 Ὂτε
662 3971 717 4024 δὲ
749 3971 826 4042 τῷ
876 3973 1051 4041 Ἰησοῦ
1086 3976 1523 4039 συνανελθόντες,
1574 3978 1704 4030 εἴσω
1744 3980 1843 4049 τῆς

262 4058 493 4127 ’δειξέλης
514 4062 775 4127 γένοιντο,
796 4062 915 4117 τότε
942 4064 1123 4136 πολλῷ
1149 4068 1490 4139 τρανὼτερόν
1515 4085 1572 4120 τε
1597 4071 1688 4122 καὶ
1707 4069 1844 4139 ὕψη.

259 4148 504 4219 ὶὸτερον,
534 4152 621 4204 διὰ
645 4153 753 4205 τῶν
781 4154 1183 4210 λευκανθέντων
1218 4158 1351 4211 ὡσεὶ
1391 4158 1543 4228 χιὼν,
1580 4160 1674 4212 καὶ
1705 4160 1842 4230 λαμ-

258 4240 479 4308 ιζιάντων
526 4243 600 4307 ὡς
643 4245 704 4296 τὸ
758 4245 873 4314 φῶς
927 4247 1157 4316 ἱματίων
1214 4247 1308 4301 τοῦ
1368 4250 1563 4317 Λόγου,
1611 4252 1705 4319 τῆς
1738 4268 1839 4321 μυ-

262 4337 458 4404 στικῆς
526 4337 633 4389 τῶν
709 4341 1127 4410 προειρημένων
1197 4341 1326 4404 θέας
1399 4342 1841 4414 ἀξιωθήσονται,

260 4425 525 4490 εἰξάντων
560 4428 658 4498 ἥδη
687 4430 797 4482 τῶν
828 4431 1114 4501 συμϐόλων
1148 4434 1215 4503 τῇ
1250 4433 1501 4504 ἀληθεέα,

1944 3256 1997 3300 et
2026 3245 2517 3314 contemplatione,
2579 3253 2705 3313 post
2774 3243 3029 3313 adeptam
3071 3243 3125 3297 in
3158 3243 3244 3298 eis
3278 3244 3512 3313 positam

1948 3337 2377 3407 periei-tionem,
2439 3335 2587 3389 illaut
2643 3335 2921 3389 nimirum,
2966 3342 3082 3388 tum
3143 3350 3265 3404 qua
3295 3334 3516 3390 senario

1946 3429 2258 3485 divinorum
2315 3427 2723 3491 mandatorum,
2806 3436 2919 3481 tum
2974 3442 3097 3494 tnta:
3154 3426 3515 3482 nihilominus

1942 3523 2137 3577 diebus
2174 3520 2341 3584 senis,
2373 3521 2571 3589 quibus
2604 3517 2844 3574 mundus
2883 3519 2985 3573 fuit
3015 3518 3301 3585 conditus,
3334 3518 3511 3588 signi-

1944 3610 2160 3672 ﬁcatur,
2193 3609 2472 3678 quodnam
2528 3608 2601 3662 sit
2636 3605 2859 3661 Octava:
2921 3618 3356 3671 sacramentum,
3391 3622 3515 3677 per-

1944 3702 2135 3771 spicue
2171 3697 2533 3754 lntellexerit.
2574 3696 2754 3766 Atque
2790 3695 2867 3764 id,
2895 3711 3013 3751 mea
3044 3696 3262 3767 quidem
3296 3707 3519 3750 senten-

1948 3810 2043 3858 tia,
2102 3791 2338 3863 spiritali
2397 3790 2558 3844 Luem
2594 3788 2845 3843 doctrina
2902 3790 3102 3843 viderit.
3150 3788 3515 3847 declaratum,

1946 3886 2038 3957 qui
2070 3885 2149 3941 sic
2172 3883 2637 3951 contemplativus
2670 3896 2733 3935 ac
2783 3896 2949 3936 sensu
2977 3882 3231 3952 superior
3258 3880 3515 3935 evaserit.

1947 3977 2079 4033 Dico
2113 3983 2317 4039 autem,
2375 3988 2650 4043 verosque
2686 3982 2770 4028 est
2806 3975 3077 4028 sermonis
3131 3988 3351 4035 sensus,
3404 3971 3523 4026 fore

1944 4076 2025 4134 ut,
2069 4074 2337 4135 quantum
2402 4066 2615 4120 mortali
2680 4065 2787 4119 vita
2859 4065 2972 4119 ﬁeri
3026 4072 3226 4134 potest,
3282 4077 3516 4133 corpore

1942 4159 2259 4228 mundoque
2315 4157 2665 4217 execdcates,
2722 4156 2834 4225 jam
2895 4170 2959 4209 ea
2990 4170 3113 4225 qua:
3154 4154 3322 4209 futuri
3362 4154 3514 4208 illius

1947 4258 2124 4307 status
2172 4258 2320 4310 sunt,
2373 4264 2437 4301 ex
2478 4248 2544 4300 iis
2589 4261 2821 4315 quorum
2873 4246 3053 4301 fecere
3101 4246 3403 4316 periculum
3431 4261 3524 4317 gu-

1952 4352 2211 4411 stutnque
2287 4347 2676 4410 perceperunt,
2748 4339 3054 4393 doceantur
3147 4338 3347 4393 Verum
3411 4340 3526 4395 luce.

1950 4434 2177 4506 quidem
2244 4440 2305 4486 ut
2361 4440 2572 4485 tantum
2633 4438 2896 4500 pneeant,
2956 4446 3021 4483 ac
3070 4431 3216 4485 velut
3275 4430 3526 4485 muniant

260 4517 411 4572 viam
467 4520 772 4576 manifesta:
798 4523 851 4576 in
880 4534 1064 4579 monte
1104 4526 1602 4595 perspicacioribus
1658 4527 1833 4582 oculis
1870 4528 2059 4600 gloriae
2097 4537 2150 4580 et
2192 4524 2401 4593 gratim.
2437 4520 2536 4576 Ubi
2571 4534 2753 4576 autem
2808 4538 2911 4575 una
2955 4537 3079 4576 cum
3124 4520 3256 4577 Jesu
3330 4537 3526 4575 ascen-

260 4611 480 4676 dentes,
520 4612 659 4667 intra
690 4616 889 4669 nubem
918 4619 1271 4673 constiterint
1295 4659 1310 4684 ,
1356 4629 1484 4673 tunc
1511 4622 1667 4689 longe
1690 4621 1895 4676 clarius
1924 4619 2326 4686 sublimiusque
2354 4616 2587 4669 vestium
2621 4612 2780 4667 Verbi
2820 4612 3029 4682 fulgore
3059 4615 3234 4669 instar
3268 4615 3520 4669 luminis,

266 4709 556 4779 mysticam
615 4711 968 4780 praefatorum
1030 4714 1294 4771 visionem
1357 4718 1634 4788 accepturi
1670 4722 1836 4783 "sunt,
1875 4733 1999 4772 cum
2031 4717 2139 4786 jam
2174 4712 2421 4785 symbola
2456 4711 2669 4765 veritati
2702 4712 3103 4766 ceuccsserint.

1548 4831 1777 4886 VARUS
1816 4828 2219 4886 LEC'l‘iONES.

375 4914 415 4944 "‘
435 4912 576 4984 Lege
606 4915 772 4987 ὑπέρ.

1587 5012 1980 5069 COMBEFISH
2012 5012 2245 5069 NOTAE.

341 5101 417 5170 (9)
451 5100 677 5173 Ipsaque
698 5112 810 5159 a’se
845 5106 1068 5159 materia
1091 5105 1536 5161 inordinationem
1571 5124 1632 5161 ac
1656 5110 1835 5163 incon-

267 5176 522 5227 stantiam
566 5174 803 5244 adducit.
854 5176 1014 5244 Φέρει
1064 5176 1192 5244 παρ’
1236 5177 1439 5242 ἑαυτῆς
1502 5178 1562 5229 το
1600 5179 1834 5232 ἄτακτον

263 5244 364 5295 καὶ
405 5244 708 5313 ἀνώμαλον.
738 5243 1082 5316 -Ῡεῌιιιειιηι
1133 5243 1403 5311 Gregorii,
1434 5249 1487 5300 in
1524 5264 1643 5316 quae
1670 5254 1833 5303 etiam

262 5323 674 5368 t'emttientatur
736 5314 1026 5377 Maximus,
1091 5325 1257 5381 orat.,
1292 5317 1348 5371 ni
1413 5314 1596 5383 fallor,
1632 5317 1718 5384 16,
1761 5319 1839 5373 De

265 5397 450 5458 amore
491 5399 803 5458 pauperum,
836 5388 1264 5458 inquapnoster
1311 5388 1581 5452 Andreas,
1620 5390 1673 5443 in
1700 5405 1839 5458 prte-

268 5455 478 5528 latioue
500 5456 790 5528 cliaritatis
850 5456 1149 5511 virtutibus
1194 5458 1339 5521 aliis,
1372 5458 1600 5527 ejusque
1630 5455 1842 5528 in'pro-

267 5523 887 5599 simumcognatissima
914 5539 1152 5599 utraque
1176 5523 1586 5592 misericordia,
1606 5523 1843 5599 spiritali

267 5596 660 5670 accorporali.
704 5595 936 5665 quarum
980 5597 1073 5650 illa
1108 5599 1288 5666 potior
1313 5599 1405 5670 sit,
1440 5614 1614 5669 eoque
1638 5595 1846 5670 'magis

264 5662 454 5738 debita
478 5681 510 5738 _:
530 5662 890 5738 nonparum.
943 5662 1262 5736 quanquam
1290 5668 1399 5721 alio
1425 5662 1592 5738 scopo
1618 5662 1847 5737 suisq'ue

266 5732 524 5813 plurimis
557 5750 626 5813 ac
651 5732 719 5789 iis
744 5732 1053 5813 illustribus
1118 5732 1369 5808 adjectis,
1427 5732 1681 5795 eum-iam
1708 5732 1844 5798 Gre-

269 5806 486 5873 gorium
513 5806 760 5862 inuitatus
794 5807 1063 5861 videatur.

2018 5107 2131 5179 (l0)
2195 5107 2444 5179 Virtutis,
2482 5125 2553 5179 ac,
2580 5108 2845 5179 naturalis
2878 5108 2933 5161 in
2961 5109 3153 5174 spiritu
3199 5110 3524 5178 contempla-

1959 5175 2139 5239 tionis,
2174 5184 2281 5233 etc.
2317 5178 2591 5231 Nonnulla
2629 5175 2731 5230 fuit
2775 5186 3103 5243 punctorum
3138 5175 3523 5245 mutatio,'ad-

1942 5248 2087 5314 jecta
2119 5248 2281 5301 etiam
2318 5248 2583 5314 particula
2617 5248 2730 5301 καί.
2763 5249 2857 5312 To,
2887 5248 3011 5310 ὑπό,
3044 5249 3362 5304 mutandum
3393 5250 3524 5304 duxi

1944 5320 1999 5373 in
2034 5318 2196 5388 ὑπέρ,
2229 5318 2372 5386 quod
2406 5318 2634 5388 margini
2668 5320 2902 5388 ascripsi
2931 5359 2945 5382 ,
2980 5326 3038 5371 ut
3067 5320 3239 5381 velit,
3296 5321 3522 5385 virtute,

1944 5404 2067 5459 qua:
2100 5389 2369 5460 operibus
2397 5389 2685 5443 ebaritatis
2708 5399 2761 5442 et
2806 5389 3200 5443 misericordiae
3227 5389 3521 5460 explicatis

1948 5459 2219 5527 praecipue
2261 5470 2574 5521 exercetur,
2611 5474 2907 5528 rerumque
2940 5460 3274 5515 naturalium
3306 5461 3526 5527 spirita-

1950 5530 2586 5599 lioricontemplationc,
2630 5544 2729 5583 ceu
2781 5529 2983 5597 duplici
3038 5530 3258 5585 senario
3315 5545 3525 5599 praepa-

1950 5606 2108 5652 rante
2138 5598 2204 5653 ad
2231 5601 2430 5654 montis
2476 5615 2790 5664 accessum,
2847 5599 3168 5655 inotl'ensam
3216 5600 3525 5668 comparari

1954 5670 2262 5740 divinorum
2287 5677 2342 5723 et
2370 5670 2705 5739 spiritalium
2736 5670 3131 5740 cognitionem,
3152 5669 3310 5740 longe
3343 5679 3522 5740 tamen

1957 5756 2019 5791 ea
2050 5738 2415 5799 inferiorem,’
2449 5755 2571 5809 quae
2622 5738 2854 5794 habt-tur
2880 5742 2932 5794 in
2957 5743 3077 5810 ipso
3104 5738 3310 5805 monte,
3349 5738 3529 5795 Verbo

1954 5810 2287 5881 peraliarius
2312 5811 2675 5873 illuntiuattte,
2719 5820 2823 5864 etc.
