4236 6440
228 375 326 440 919

1164 383 1249 444 ΙΝ
1279 382 2116 449 TRANSFIGURA'J'IONEM
2158 391 2456 456 DOMINI.

3379 392 3485 458 950

229 488 567 561 αστράπτον;
619 487 693 542 Τὸ
741 488 935 553 κάλλος
979 491 1042 544 τὸ
1092 490 1398 562 ἀμήχανον,
1438 492 1498 545 τὸ
1536 492 1642 546 τῶν
1690 493 1811 563 ὲρα-
1839 495 1882 552 Α

1806 495 1882 552 »Α
1914 494 2096 568 fulgur
2135 501 2444 575 effulgens?
2482 503 2620 572 Quid
2681 503 3036 577 pulchritudo
3071 505 3163 561 illa
3200 507 3479 576 incompa-

232 582 372 634 στῶν
432 581 690 634 ἁπάντων
735 581 1066 652 ὑψηλότατόν
1123 599 1181 636 τε
1238 585 1331 636 καὶ
1387 582 1735 655 τιμιώτατον,
1780 585 1809 638 ὃ

230 676 340 735 τοῖς
374 672 574 743 ὁρῶσιν
633 674 971 744 εὐφροσύνης
1023 675 1451 729 ἀκαταπαύστου
1487 676 1809 730 καθίσταται

234 764 513 832 πρόξενον,
561 766 670 835 ὅσῳ
726 766 1240 832 καταλαμϐάνεσθαι
1287 768 1434 820 δοκεί
1474 768 1811 838 φανερούμε-

232 872 349 919 νον;
385 856 456 907 Τὸ
482 855 537 908 δὲ
578 856 808 926 κρίιςιον
849 861 939 911 καὶ
968 859 1259 932 θειότερον,
1302 864 1394 915 καὶ
1435 862 1651 915 πάντων
1690 879 1810 914 και-

232 948 474 1013 νότατον,
533 951 615 1011 τίς
661 951 785 1013 νοῦς
835 951 866 1021 ἦ
907 953 1063 1021 λόγος
1111 953 1143 1023 ῆ
1192 954 1403 1023 ὄψεται,
1454 954 1486 1024 ἢ
1536 956 1809 1025 ἐκφράσαι

232 1040 558 1110 δυνήσεται;
589 1044 651 1096 Εἰ
681 1044 788 1114 γὰρ
829 1047 892 1096 τὰ
936 1046 1126 1113 ἱμάτια
1148 1047 1395 1110 τοιαῦτα,
1423 1047 1511 1101 διὰ
1536 1048 1634 1117 τὴν
1668 1048 1811 1100 ἐνδο-

236 1130 326 1184 θεν
366 1133 774 1204 ἐκϐλυζομένην
813 1136 1005 1205 αὐγὴν,
1047 1137 1291 1191 ποταπὸν
1329 1138 1432 1208 ἄρα
1463 1139 1524 1190 τὸ
1571 1138 1677 1191 ὑπὺ
1703 1138 1812 1191 τῶν

237 1224 565 1293 ἐσθημάτων
606 1227 1094 1296 περιστελλόμενόν
1138 1247 1195 1282 τε
1239 1229 1335 1282 καὶ
1372 1229 1810 1297 καλυπτόμενον,

236 1316 311 1377 ὼς
354 1318 495 1389 ὑπὲρ
535 1321 726 1388 ὅρασιν
766 1322 860 1373 καὶ
896 1322 1128 1389 γνῶσιν;
1182 1324 1244 1375 Ei
1276 1318 1368 1376 οὖν
1413 1323 1543 1376 αὑτὸ
1588 1324 1815 1393 ἐφ’ἐαυ-

234 1406 331 1459 τοῦ
358 1408 585 1474 γένοιτο,
616 1412 797 1464 πᾶσαν
842 1411 1132 1483 περιϐολὴν
1164 1414 1559 1484 ὲκδυσάμενονο
1588 1414 1641 1467 τί
1687 1414 1813 1467 τοῦ·

235 1514 296 1550 το
330 1498 501 1565 λέγως
546 1500 680 1553 ἀλλὰ
710 1501 798 1555 διὰ
842 1502 1008 1572 μόνης
1041 1503 1135 1573 τῆς
1177 1503 1340 1572 ἁγίας
1380 1504 1545 1557 αὑτοῦ
1597 1504 1812 1574 στολῆς,

234 1590 302 1660 ἢν
328 1593 391 1643 ὲκ
431 1592 777 1661 παρθενικῶν
814 1596 1061 1663 αἱμάτων
1094 1596 1666 1666 κατασκευασάμενος,
1727 1596 1815 1649 διὰ

235 1680 331 1734 τοῦ
374 1682 689 1753 Πνεὺματος
740 1685 1016 1756 μυστικῶς
1054 1687 1233 1758 ἐαυτῷ
1282 1689 1643 1759 περιέπηξεν,
1676 1691 1812 1761 ὅπερ

236 1773 385 1826 ἐστὶν
427 1774 503 1838 ὡς
530 1772 671 1829 εἶδον
703 1779 836 1831 αὑτὸ
876 1780 1298 1851 φανερούμενον,
1339 1783 1419 1845 τίς
1462 1784 1488 1833 ὁ
1516 1782 1807 1852 ὁψόμενοςς

237 1864 356 1917 υὺκ
390 1866 538 1919 ἐστιν
574 1867 747 1931 οὐδὲν,
780 1870 879 1923 οὑκ
902 1870 1169 1934 ἔστι,τῶν
1197 1874 1251 1924 ὲν
1274 1875 1338 1942 τῇ
1372 1872 1547 1926 κτίσει
1579 1873 1809 1943 θεωρου-

240 1957 438 2025 μένων,
474 1956 503 2011 ὃ
541 1962 781 2029 χωρήσει
822 1961 1015 2033 τούτου
1057 1963 1154 2034 τὴν
1187 1964 1493 2035 ὑπερϐολὴν
1536 1965 1637 2033 τῆς
1678 1965 1816 2035 λαμ·

238 2048 529 2116 πρότητος.
573 2048 635 2100 Εί
674 2052 781 2120 γὰρ
809 2052 900 2104 καὶ
946 2053 1132 2123 μηδενὶ
1172 2054 1280 2106 τῶν
1323 2055 1539 2109 πάντων
1590 2056 1816 2108 ἁκοινώο

237 2138 399 2206 νητόν
441 2140 556 2193 ἐστι
600 2142 660 2193 τὸ
705 2143 943 2210 ἀγαθὸν,
1006 2146 1119 2199 ἀλλ’
1174 2147 1296 2217 οὑχὶ
1341 2147 1483 2212 ὅλον,
1531 2148 1558 2201 ὃ
1597 2147 1647 2201 τί
1693 2151 1815 2201 ποτ’

237 2230 410 2292 ἐστὶν,
456 2232 572 2285 ἀλλ’
602 2234 731 2287 ὅσον
759 2237 851 2288 καὶ
887 2237 1037 2301 ὅπως
1061 2240 1175 2301 τοῖς
1215 2241 1532 2309 μετέχουσιν
1571 2242 1814 2310 ἐφικτὸν,

238 2322 488 2392 χωρητὸν
535 2325 791 2393 γίνεται·
831 2329 927 2383 καὶ
976 2328 1136 2385 τοῦτο
1179 2332 1246 2384 δι’
1281 2333 1457 2403 ἄκραν
1505 2335 1817 2404 ἀγαθὸτητα

237 2415 360 2475 ταῖς
416 2413 807 2487 ἁπειροδὼροις
866 2418 1223 2489 ἐλλάμψεσιν,
1267 2423 1449 2475 ὁδεῦον
1494 2426 1587 2478 ἐπὶ
1640 2426 1818 2479 πάντα

238 2505 336 2556 καὶ
362 2507 749 2577 προχεόμενον.
798 2510 1097 2578 Ἀπόδειξις
1130 2513 1184 2566 δὲ
1212 2514 1319 2567 τῶν
1347 2515 1655 2584 λεγομένων
1688 2516 1820 2569 αὑτὸ

240 2596 308 2648 ἂν
346 2596 429 2664 εἴη
460 2598 518 2651 τὸ
560 2602 831 2671 μακάριον
876 2602 1045 2667 πάθος
1090 2606 1266 2658 ἐκεῖνο
1295 2608 1387 2659 καὶ
1417 2607 1815 2679 πολυύμνητον,

239 2688 490 2758 ὂπερὲπὶ
531 2692 623 2743 τοῦ
649 2692 807 2758 ὅρους
845 2696 1179 2749 πεπόνθασιν
1220 2698 1269 2750 oi
1301 2700 1607 2764 ἀπόστολοι,
1655 2702 1819 2770 ἡνίκα

238 2773 303 2825 τὸ
352 2775 646 2845 ἀπρόσιτον
689 2781 783 2833 καὶ
821 2780 1047 2851 ἄχρονον
1078 2784 1193 2852 φῶς
1236 2788 1337 2857 τὴν
1375 2788 1584 2843 οἰκείαν
1642 2791 1818 2861 σάρκα

244 2869 713 2937 μεταμορφῶσαι),
751 2872 828 2942 τῷ
856 2874 1251 2944 ὑπερϐάλλοντι
1288 2879 1385 2950 τῆς
1416 2881 1623 2946 οἰκείας
1652 2901 1819 2953 φωτο⁸

238 2955 465 3022 ϐλυσίας
496 2960 834 3032 ὑπερουσίως
865 2966 1203 3038 ὲλόιμπρυνε.

1910 594 2120 660 rabilis,
2152 594 2295 651 inter
2328 597 2509 650 omnia
2536 612 2655 667 quae
2699 604 2933 667 possunt
2985 596 3255 659 adamari,
3291 596 3485 652 celsis—

1910 686 2048 739 sima
2078 686 2167 739 illa
2227 701 2290 741 ac
2319 686 2746 756 pretiosissima,
2807 704 2928 759 quae
2969 688 3155 758 jugem
3192 686 3483 757 quamdam

1912 778 2152 832 laetitiam
2178 781 2578 848 aspicientibus
2611 778 2829 843 afferat,
2856 791 3130 849 quantum
3163 777 3489 834 manifesta-

1912 871 2060 922 tione
2094 869 2484 938 comprehendi
2505 871 2760 925 videtur?
2781 870 3072 925 Occultum
3110 886 3240 925 vero
3264 870 3400 925 illud
3426 884 3489 922 ac

1918 959 2161 1015 divinius
2194 961 2535 1032 maximeque
2555 977 2780 1027 novum,
2807 962 2928 1032 quis
2952 962 3036 1016 vel
3068 961 3376 1016 intellectus
3404 960 3489 1014 vel

1918 1056 2118 1119 oratio,
2161 1054 2243 1107 vel
2269 1055 2453 1111 videre
2501 1055 2675 1127 possit
2705 1056 2788 1110 vel
2817 1054 3116 1111 enarrare?
3148 1053 3283 1109 Nam
3309 1054 3356 1110 si
3382 1069 3490 1109 ve-

1919 1147 2175 1201 stimenta
2205 1147 2334 1201 talia
2364 1155 2490 1202 sunt
2523 1164 2590 1202 ex
2631 1147 2932 1217 splendore
2978 1148 3132 1201 intus
3158 1153 3453 1200 emanante
3473 1182 3489 1207 ,

1912 1237 2102 1305 quale,
2150 1252 2303 1305 rogo,
2337 1245 2674 1306 quantumve
2722 1235 2891 1291 fuerit
2921 1235 3092 1305 quod,
3122 1234 3273 1289 velut
3305 1234 3488 1288 visum

1912 1344 2186 1399 superans
2220 1336 2277 1383 et
2334 1328 2642 1395 scientiam,
2679 1329 2783 1384 sub
2827 1329 3176 1383 vestimentis
3213 1326 3492 1396 obtegitur

1912 1428 1966 1475 et
1996 1422 2243 1476 celatur?
2266 1421 2322 1475 Si
2353 1437 2483 1491 ergo
2519 1423 2695 1490 ipsum
2752 1421 2903 1474 nullo
2936 1428 3251 1474 contectum
3284 1416 3489 1472 amictu

1915 1512 1969 1566 in
2006 1514 2192 1581 seipse
2235 1514 2549 1567 constiterit
2587 1529 2601 1566 :
2637 1512 2767 1582 quid
2823 1511 2928 1566 hoc
2981 1509 3146 1565 dico?
3173 1510 3284 1563 imo
3312 1508 3362 1563 si
3394 1522 3494 1577 per

1915 1604 2086 1657 solam
2108 1618 2264 1657 suam
2290 1604 2437 1657 illam
2468 1611 2718 1659 sanctam
2752 1602 3023 1668 tunicam,
3046 1615 3211 1671 quam
3228 1614 3297 1653 ex
3323 1597 3492 1669 virgi-

1915 1698 2033 1752 neis
2056 1696 2415 1763 sanguinibus
2438 1709 2534 1765 per
2557 1694 2822 1763 Spiritum
2862 1698 3177 1746 contextam
3225 1689 3332 1745 sibi
3389 1689 3493 1759 ipsi

1914 1804 2113 1843 arcana
2143 1791 2354 1843 ratione
2374 1787 2645 1855 adjunxit,
2674 1785 2725 1838 id
2749 1784 2892 1854 quod
2922 1792 3026 1850 est,
3088 1782 3250 1852 quale
3279 1780 3318 1834 ii
3346 1781 3495 1835 vide-

1917 1888 2077 1944 runt,
2111 1894 2233 1933 sese
2293 1877 2587 1932 videndum
2644 1875 2957 1946 praebuerit,
3010 1874 3134 1944 quis
3180 1872 3499 1943 aspexerit?

1915 1971 2058 2025 Nihil
2119 1987 2272 2035 sane,
2316 1972 2452 2025 nihil
2509 1969 2673 2024 fuerit
2704 1971 2758 2024 in
2820 1967 3048 2031 creatis,
3113 1965 3259 2036 quod
3306 1964 3494 2020 excel-

1918 2063 2117 2118 lentem
2173 2063 2320 2118 illius
2343 2062 2687 2132 splendorem
2718 2074 2918 2129 capere
2941 2058 3137 2129 possit.
3168 2054 3493 2124 Quanquam

1914 2158 2059 2211 enim
2091 2156 2236 2211 nulla
2266 2157 2480 2225 penitus
2506 2168 2594 2208 res
2621 2167 2813 2208 exsors
2834 2151 2904 2206 sit
2929 2151 3054 2204 boni
3082 2146 3491 2210 communione,

1920 2250 2343 2320 haudquaquam
2392 2254 2576 2302 tamen
2614 2254 2796 2299 toxum
2833 2242 2979 2314 quod
3007 2250 3096 2296 est
3128 2241 3248 2310 capi
3276 2247 3491 2310 potest;

1920 2340 2013 2395 sed
2047 2347 2309 2408 quantum
2343 2345 2396 2393 et
2432 2336 2708 2408 quomodo
2748 2336 2817 2389 iis
2848 2336 2940 2404 qui
2989 2333 3288 2403 participes
3341 2339 3492 2391 sunt,

1919 2447 2241 2487 concessum
2300 2433 2409 2487 sit:
2444 2430 2613 2501 idque
2674 2445 2797 2484 cum
2852 2444 2920 2482 ex
2974 2430 3090 2497 ipsa
3149 2440 3249 2481 sua
3297 2425 3493 2479 summi

1919 2526 2045 2580 boni
2078 2526 2310 2591 ratione,
2346 2525 2631 2579 immensae
2682 2522 2997 2592 largitionis
3034 2518 3497 2576 illustrationihus

1920 2635 2015 2689 per
2044 2620 2228 2673 omnia
2256 2626 2367 2679 eat,
2399 2634 2464 2673 ac
2493 2634 2550 2672 se
2568 2616 2864 2671 diffundat.
2892 2614 3143 2670 Probarit
3169 2620 3348 2667 autem
3373 2626 3496 2679 quae

1919 2713 2153 2767 dicimus
2191 2713 2309 2780 ipsa
2344 2710 2435 2764 illa
2466 2711 2623 2763 beata
2659 2709 3004 2774 multumque
3037 2705 3333 2759 laudabilis
3360 2718 3497 2774 apo.

1921 2805 2184 2859 stolarum
2207 2803 2259 2855 in
2289 2810 2474 2855 monte
2506 2800 2743 2864 aﬂ‘ectio,
2771 2797 2993 2868 quando
3017 2797 3106 2852 lux
3137 2797 3224 2851 illa
3250 2795 3499 2849 inacccs-

1921 2896 2101 2951 sibilis
2136 2904 2189 2950 et
2230 2894 2515 2963 antiquior
2548 2900 2821 2962 tempore,
2855 2905 3010 2945 suam
3065 2890 3242 2958 ipsius
3274 2886 3496 2939 transii-

1923 3001 2170 3061 guralam
2262 3002 2509 3051 carnem,
2566 2985 2921 3053 cxsuperanti
3005 2981 3215 3053 proprii
3272 2979 3498 3033 luminis

1922 3081 2211 3135 diffusione
2246 3094 2309 3133 ac
2346 3080 2493 3133 velut
2543 3077 2898 3145 scaturigine,
2941 3074 3141 3128 eximie
3176 3072 3495 3127 illustravit.

312 3139 551 3240 Thv-‘(ilp
588 3142 779 3197 ἀκτῖνα
809 3146 909 3214 τῆς
948 3146 1179 3217 ἀμώμου
1214 3150 1414 3217 σαρκὸς
1444 3150 1663 3222 ἐκείνης
1716 3155 1816 3222 φὲ-
1845 3183 1886 3240 c

1845 3183 1886 3240 ο
1992 3173 2127 3226 Cum
2156 3172 2302 3225 enim
2348 3168 2798 3223 incontaminatze
2854 3165 3043 3219 carnis
3076 3163 3224 3217 illius
3258 3160 3494 3223 radium,

240 3248 359 3299 psw
388 3233 447 3285 οὑ
478 3234 821 3303 δυνηθέντες,
853 3238 883 3306 ἢ
912 3240 973 3292 ἐκ
998 3242 1095 3310 τῆς
1131 3240 1225 3293 τοῦ
1252 3243 1428 3310 Λόγου
1452 3243 1726 3314 θεότητος,
1760 3246 1818 3310 ὃς

238 3325 310 3392 τῇ
349 3325 514 3395 σαρκὶ
560 3326 683 3378 καθ’
725 3328 1021 3383 ὑπόστασιν
1065 3332 1262 3402 ἦνωτο,
1296 3334 1384 3387 διὰ
1434 3336 1637 3407 ταύτης
1681 3338 1820 3406 ὑπὲρ

240 3416 407 3485 φύσιν
447 3418 713 3487 ὲπήγαζε,
767 3421 1055 3475 πίπτουσιν
1118 3426 1211 3477 ἐπὶ
1267 3429 1578 3495 πρόσωπον.
1613 3432 1674 3481 Ὢ
1727 3431 1819 3485 τοῦ

239 3508 555 3578 θαύματοςί
613 3512 734 3565 κατ’
787 3513 1046 3568 ἔκστασιν
1090 3518 1428 3589 τελειοτάτην
1454 3521 1553 3589 τῆς
1581 3522 1817 3590 φύσεως,

243 3601 399 3673 ὕπνῳ
440 3603 601 3674 βαρεῖ
653 3607 744 3658 καὶ
798 3606 948 3677 φόϐῳ
992 3625 1375 3679 κρατουμενοι,
1416 3613 1687 3683 μύσαντες
1722 3617 1818 3682 τὰς

237 3693 547 3764 αίσθήσεις,
588 3698 767 3749 πᾶσαν
804 3701 994 3770 νοεράν
1022 3701 1236 3771 κίνησιν
1261 3705 1354 3757 καὶ
1375 3706 1655 3778 ἀντίληψιν
1683 3728 1823 3765 παν--

236 3787 408 3849 τελῶς
446 3788 656 3841 ἑαυτῶν
691 3790 1136 3857 ἁποπαὺσαντες,
1167 3794 1309 3849 οὕτω
1355 3801 1492 3853 κατὰ
1530 3802 1621 3855 τὸν
1678 3802 1821 3857 θεῖον

236 3880 449 3931 ἐκεῖνον
482 3880 575 3933 καὶ
608 3882 927 3952 ὑπὲρφωτον
967 3887 1062 3937 καὶ
1090 3887 1321 3957 ἀόρατον
1351 3892 1564 3959 γνόφον,
1604 3894 1681 3964 τῷ
1702 3895 1821 3967 Θεῷ

236 3970 612 4037 συνεγένοντοσ
653 3972 730 4042 τῷ
759 3975 879 4044 μηδ’
913 3976 1049 4039 ὅλως
1068 3979 1220 4047 ὁρᾷν,
1253 3980 1313 4031 τὸ
1344 3981 1511 4046 ὅντως
1545 3987 1676 4056 ὀρᾷν
1707 3989 1819 4040 εἰσ-

231 4059 539 4129 δεχόμενοι,
574 4065 666 4116 καὶ
695 4066 772 4135 τῷ
796 4068 1026 4137 πάσχειν
1060 4073 1372 4139 ἁγνώστως,
1397 4076 1495 4146 τὴν
1514 4077 1633 4129 καθ’
1658 4079 1822 4151 ὑπερ-

234 4152 373 4222 οχὴν
398 4155 598 4219 γνῶσιν
630 4158 1001 4226 ποριζόμενοι,
1028 4162 1118 4214 καὶ
1150 4163 1246 4233 τὴν
1272 4167 1451 4235 πάσης
1481 4172 1670 4241 νοερᾶς
1696 4174 1817 4224 ἐπι-

240 4243 470 4305 στασίας
498 4245 837 4319 ὑψηλοτέραν
873 4251 1203 4324 ἐγρήγορσιν
1243 4257 1819 4335 ὑπομυσταγωγούμε-

233 4349 346 4386 νοι.
373 4336 482 4388 Καὶ
514 4337 723 4403 γίνεται
751 4343 1068 4412 παραδόξως
1091 4348 1184 4399 ἐπὶ
1215 4351 1515 4420 παραδόξου
1555 4355 1646 4408 τοῦ
1680 4358 1820 4410 ποὰ-

233 4439 471 4490 γματος,
524 4428 690 4491 ὕπνος
742 4432 774 4501 ή
833 4435 1182 4507 ἐγρήγορσις·
1240 4442 1438 4509 μᾶλλον
1484 4445 1539 4496 δὲ
1592 4449 1619 4499 ὁ
1652 4418 1817 4512 ὑπνος

1921 3284 1983 3321 ex
2023 3265 2187 3321 Verbi
2231 3262 2578 3334 hypostatice
2630 3260 2806 3316 eidem
2872 3257 3014 3313 uniti
3066 3255 3356 3310 divinitate
3400 3269 3498 3323 per

1922 3361 2097 3429 ipsam
2148 3356 2551 3411 admirabiliter
2595 3361 2910 3407 manantem
2937 3350 3081 3405 ferre
3105 3364 3211 3403 non
3246 3356 3497 3419 possent,

1926 3448 2163 3501 «cadunt
2196 3447 2246 3499 in
2274 3445 2466 3499 faciem
2489 3454 2535 3498 ι.
2566 3461 2583 3495 ι
2616 3441 2660 3497 Ο
2694 3441 3051 3497 miraculum!
3082 3438 3353 3495 Nimirum
3372 3455 3495 3509 pcr—

1921 3540 2228 3596 fectissimo
2261 3554 2289 3592 a
2317 3545 2511 3591 natura
2543 3549 2801 3601 excessu,
2841 3548 3035 3588 somno
3066 3534 3214 3604 gravi
3254 3541 3308 3587 et
3347 3540 3492 3586 metu

1921 3639 2231 3703 occupante
2261 3628 2580 3685 claudentes
2613 3641 2832 3691 sensus,
2868 3632 3033 3694 atque
3068 3624 3137 3678 ab
3165 3624 3312 3679 omni
3339 3638 3497 3693 pror-

1922 3741 2018 3781 sus
2047 3721 2408 3779 intellectuali
2432 3729 2582 3774 motu
2603 3734 2666 3772 ac
2689 3718 3043 3789 perceptione
3078 3726 3381 3781 cessantes,
3415 3718 3487 3771 ita

1923 3820 1976 3874 in
2008 3818 2193 3873 divina
2224 3817 2315 3870 illa
2344 3820 2397 3869 et
2421 3813 2857 3869 luminosissima
2884 3827 2948 3865 ac
2974 3810 3236 3866 invisibili
3267 3810 3497 3881 caligine

1922 3924 2045 3965 cum
2080 3907 2189 3962 Deo
2239 3905 2530 3975 congressi
2598 3911 2749 3967 sunt,
2803 3902 2897 3972 qui
2938 3902 3076 3957 nihil
3108 3901 3219 3970 jam
3279 3902 3498 3971 penitus

1921 3999 2193 4061 videntes,
2215 3996 2268 4051 id
2302 3995 2450 4065 quod
2503 4009 2630 4050 vere
2689 3993 2879 4048 videre
2926 4000 3031 4055 est,
3091 3992 3494 4058 admitterent;

1920 4090 2297 4160 patientesqne
2354 4088 2540 4156 ignota
2589 4085 2825 4156 quadam
2890 4084 3107 4138 ratione
3142 4122 3158 4145 ,
3217 4083 3494 4137 excellen-

1919 4194 2026 4237 tem
2086 4180 2530 4251 adipiscerentur
2580 4178 2867 4234 scientiam
2902 4214 2919 4240 ,
2968 4174 3232 4244 omnique
3283 4175 3492 4229 intelle-

1918 4274 2084 4330 ctuali
2149 4275 2492 4344 inspectione
2544 4271 2926 4326 sublimiorem
2985 4268 3231 4338 vigiliam
3290 4281 3491 4321 arcane

1919 4366 2285 4421 addiscerent.
2318 4364 2395 4417 Ac
2424 4362 2749 4416 mirabiliter
2774 4360 2976 4414 accidit
3001 4362 3054 4413 in
3085 4358 3165 4414 rei
3198 4358 3490 4422 miraculo,

1921 4465 1979 4511 ut
2014 4456 2195 4526 vigilia
2260 4470 2488 4510 somnus
2535 4453 2688 4507 ﬂeret
2719 4470 2732 4517 ;
2786 4459 2949 4519 atque
2979 4449 3139 4513 adeo,
3168 4457 3228 4503 ut
3262 4464 3491 4504 somnus

232 4515 594 4615 ἑῖρῆγορσις.
615 4523 739 4591 τῇδε
768 4526 971 4597 ἐρημίᾳ
1000 4530 1106 4581 τῶν
1140 4537 1453 4598 γνωστικῶν
1480 4540 1814 4611 ἀντιλήψεων
1847 4514 1893 4575 D

1847 4514 1893 4575 θ
1920 4548 2129 4616 vigilia,
2180 4547 2263 4601 cui
2306 4545 2616 4600 cessatione
2659 4558 2687 4595 a
2718 4541 2927 4597 sciendi
2988 4540 3441 4609 perceptionibus
3473 4579 3487 4603 ,

232 4621 350 4656 των
378 4607 517 4677 ὑπὲρ
554 4611 715 4676 φύσιν
754 4616 853 4681 τὴν
882 4618 1081 4676 γνῶσιν
1118 4624 1498 4693 πιστούμενος.
1539 4632 1600 4681 Ὢ
1635 4604 1715 4695 τίς
1751 4633 1815 4686 ἄν

237 4714 335 4765 μοι
370 4698 483 4769 δοίη
525 4702 683 4769 λόγον
721 4707 993 4776 τοσοῦτον,
1035 4712 1230 4767 ὁπόσον
1281 4718 1373 4769 καὶ
1404 4718 1695 4792 βούλομαιι
1734 4725 1815 4789 τίς

230 4805 267 4839 o
301 4788 419 4893 κατ’
454 4790 609 4855 ἀξίαν
644 4797 1050 4866 συνεπαρθῆναι
1178 4810 1462 4879 μυστηρίῳ
1489 4811 1813 4885 δυνάμενος;

232 4884 372 4985 ποία
398 4884 559 4985 νοίρὲι
594 4886 807 4953 κίνησις
832 4895 966 4958 πρὸς
1005 4892 1165 4947 τοῦτο
1215 4898 1456 4967 βλέψασα
1497 4905 1678 4974 μόνον,
1727 4884 1815 4963 τέέ

233 4973 364 5023 λεον
403 4973 567 5037 εὐθὺς
601 4978 702 5029 οὑκ
725 4979 1142 5051 ἀποσϐέννυται,
1174 4973 1577 5065 παραχωροῦσα
1608 5001 1685 5053 τῶ
1720 5004 1816 5058 ἁν-

231 5065 448 5169 εἱρίκτῳ
486 5066 577 5118 τοῦ
626 5067 930 5140 datiuum-oc;
958 5078 1115 5131 τοῦτο
1158 5084 1249 5135 καὶ
1292 5087 1457 5143 Δαὶδῖδ
1513 5056 1812 5163 πόρρωθεν,

229 5164 288 5207 οἱ
299 5172 416 5223 μαι,
446 5164 894 5232 προκατανοήσας
914 5167 991 5235 τῷ
1020 5173 1312 5242 πνεύματι,
1341 5178 1401 5231 τὸ
1423 5180 1698 5249 βασιλικὸν
1722 5191 1815 5243 καὶ

232 5248 863 5347 ἶςροερητικδνὸργανον,
899 5260 1067 5331 ὲνθὲῳ
1118 5265 1346 5335 στόματι
1391 5273 1527 5341 πρὸς
1578 5277 1670 5330 τὸν
1706 5281 1813 5334 τῶν

232 5355 380 5436 (ἵκων
399 5340 530 5436 θεὸν
554 5343 741 5416 ἐξεϐόη
753 5363 807 5400 σε
825 5349 1016 5417 λέγων*
1044 5354 1269 5428 ιΘαϐὼρ
1300 5362 1389 5415 καὶ
1418 5365 1632 5436 Ἐρμὼν
1653 5371 1711 5423 ὲν
1738 5372 1812 5436 τῷ

233 5428 467 5498 ὀνόματί
505 5448 596 5485 σου
641 5436 1080 5503 ἁγαλλιάσονται.
1119 5464 1136 5495 ι
1165 5426 1274 5501 καὶ
1318 5451 1399 5504 ὃτι
1563 5426 1815 5525 ἀγαλλια-

244 5529 428 5574 σονται
482 5527 877 5597 προηγόρευσε.
909 5532 971 5586 Τί
1018 5535 1092 5596 δὲ,
1144 5539 1235 5590 καὶ
1293 5536 1544 5605 οἷον,καὶ
1574 5548 1698 5603 ὅσον
1750 5553 1815 5606 δι’

237 5611 526 5681 ακριϐείας
576 5615 725 5671 ἔσται
757 5620 855 5691 τῆς
900 5630 1377 5697 μεταμορφώσεως
1406 5637 1465 5689 τὸ
1495 5645 1812 5715 μυστήριον,

319 5799 339 5825 ι
370 5790 557 5849 Matth.
596 5814 725 5857 xui.
757 5803 807 5853 ti.
890 5817 913 5843 ει
940 5802 1084 5860 Psal.
1128 5824 1393 5879 Lxxxvm,
1434 5818 1495 5871 15

1920 4641 2151 4697 scientia
2200 4652 2367 4700 supra
2404 4644 2657 4690 naturam
2699 4650 2760 4688 ac
2787 4635 3028 4688 divinior
3064 4633 3404 4688 crederetur.
3446 4630 3491 4686 Ο

1916 4734 2042 4805 quis
2081 4732 2297 4788 dederit
2357 4730 2464 4783 vim
2510 4736 2715 4782 tantam
2774 4727 3067 4789 orationis,
3128 4733 3389 4795 quantam
3438 4732 3491 4779 et

1917 4825 2105 4895 cupio!
2139 4824 2274 4890 Quis
2298 4821 2459 4892 digne
2490 4824 2626 4876 satis
2683 4819 2866 4873 Valeat
2910 4832 3275 4888 coassnrgere
3304 4832 3490 4871 sacra-

1918 4918 2146 4973 mento?
2196 4915 2330 4981 Quis
2386 4912 2756 4983 intelligentia:
2802 4919 2985 4966 motus
3036 4910 3122 4964 vel
3168 4925 3236 4963 eo
3282 4918 3487 4965 tantum

1924 5009 2195 5077 aspiciens
2216 5047 2230 5072 ,
2302 5020 2412 5060 non
2463 5004 2689 5058 omnino
2722 5002 2906 5056 statim
2939 5001 3325 5071 exstinguatur
3352 5042 3367 5063 ,
3396 5014 3489 5055 ce-

1922 5099 2059 5154 dens
2108 5098 2376 5152 niiraculo
2417 5094 2561 5166 quod
2613 5101 2850 5164 nequeat
2904 5093 3040 5148 satis
3088 5091 3347 5162 percipi?
3379 5090 3489 5146 Hoc

1922 5200 2054 5262 puto
2080 5198 2133 5247 et
2165 5190 2332 5245 David
2358 5190 2471 5258 jam
2504 5189 2633 5243 olim
2667 5187 2863 5258 spiritu
2905 5186 3305 5257 praecogitans,
3328 5198 3489 5252 rega-

1922 5284 1970 5340 le
2027 5282 2160 5337 illud
2221 5297 2285 5335 ac
2342 5280 2721 5351 propheticum
2784 5290 3096 5347 organum,
3154 5274 3262 5330 Deo
3308 5272 3487 5328 amato

1917 5390 2033 5438 ore,
2087 5374 2153 5429 ad
2210 5374 2596 5428 universorum
2657 5371 2827 5425 Deum
2877 5367 3208 5424 exclamavit
3252 5367 3484 5422 dicens:

1920 5489 1938 5520 ι
1967 5468 2188 5523 Thabor
2215 5466 2529 5521 etllermon
2562 5464 2616 5520 in
2650 5463 2869 5518 nomine
2897 5472 2989 5517 tuo
3013 5460 3429 5517 exsultabuntl.
3465 5478 3482 5511 ι

1918 5559 2059 5614 Sane
2096 5573 2249 5625 vero,
2275 5557 2530 5628 praedixit
2555 5556 2670 5611 fore
2701 5562 2761 5609 ut
2782 5555 3063 5610 exsultent
3115 5570 3129 5605 :
3169 5551 3299 5623 quid
3337 5565 3485 5613 vero,

1916 5660 1968 5708 et
1994 5651 2192 5723 quale,
2242 5662 2294 5709 et
2346 5663 2607 5724 quantum
2664 5658 2920 5709 accurate
2967 5648 3191 5704 omnino
3244 5645 3485 5701 futurum
