4236 6440
243 373 343 444 963

1210 380 1287 436 IN
1327 380 1756 438 TRANSFIGU
1770 380 2041 437 ll.\TiO.\'
2055 381 2154 438 E.\I
2199 381 2353 438 D051
2367 380 2505 438 lNI.

3359 374 3464 438 εει

249 479 601 548 κηρύττουσα,
635 481 665 550 ἡ
701 483 791 533 ἐπὶ
826 482 915 532 τὸν
962 483 1230 554 Ἰορδάνην
1264 487 1456 554 μικρὸν
1494 487 1803 553 ἔμπροσθεν
1835 495 1873 544 Λ
1907 489 1918 538 1

1788 504 1803 536 θ
1835 495 1873 544 Λ
1907 489 2083 540 hunba
2109 489 2196 540 illa
2225 489 2367 541 haud
2406 491 2475 542 ita
2512 488 2717 558 pridem
2755 488 3014 541 advolans
3040 487 3104 540 ad
3128 486 3416 539 Iordanem
3445 502 3461 539 τ

244 571 557 621 καταπτᾶσα
582 574 895 641 περιστερά·
922 574 982 624 τὸ
1009 573 1227 642 Πνεῦμα
1253 575 1312 625 τὸ
1343 577 1515 642 ἆγιον,
1544 578 1602 627 τὸ
1621 578 1805 628 κατιὸν

247 657 443 710 ἄνωθεν
482 661 539 710 ὲν
598 661 728 712 εῖδει
769 665 1121 731 περιστερᾶς,
1172 665 1264 715 καὶ
1323 665 1480 732 μένον
1523 668 1608 717 ἐπ’
1646 667 1805 719 αὑτὸν

246 750 444 801 ἐκεῖνον
495 751 585 802 τὸν
637 752 1050 821 βαπτιζόμενον,
1092 756 1184 806 καὶ
1219 774 1234 804 ι
1277 754 1623 822 βαπτίζοντα,
1668 758 1806 808 κατά

249 838 336 906 τὴν
373 843 679 911 μαρτυρίαν
695 844 963 906 Ἰωάννου,
997 847 1054 897 έν
1093 845 1361 913 πνεύματι
1391 847 1479 898 καὶ
1511 847 1660 915 πυρί·
1706 866 1722 897 ι
1749 850 1805 898 ἐν

246 923 287 995 ᾧ
340 933 431 984 καὶ
460 934 558 1002 τὴν
604 935 798 1004 μονὴν,
825 938 873 986 εί
902 935 1043 987 οὓτω
1088 937 1190 1006 χρὴ
1224 938 1407 1003 φάναι,
1440 938 1579 989 κατά
1613 939 1709 1006 τὴν
1748 941 1804 990 ἐν

245 1021 499 1089 ἀλλήλαις
550 1025 656 1076 τῶν
684 1026 1037 1078 ὑποστάσεων
1074 1027 1301 1096 ἵδρυσιν,
1330 1028 1645 1080 ἀδιάστατον
1671 1029 1799 1096 ἔχει.

244 1111 424 1165 Ταῦτα
455 1114 510 1165 δὲ
541 1115 666 1183 περὶ
695 1115 792 1184 τῆς
832 1117 1056 1185 νεφέλης
1078 1119 1214 1168 νοεῖν
1251 1118 1566 1186 ἑναγόμεθα,
1599 1120 1685 1170 τὸν
1711 1119 1804 1186 μέ-

245 1218 340 1269 γαν
378 1204 695 1257 ’Λπόστολον
740 1205 833 1258 καὶ
878 1207 1006 1276 περὶ
1029 1207 1199 1259 ταῦτα
1230 1207 1543 1261 διδάσκαλον
1573 1209 1801 1277 ἔχοντες,

242 1291 298 1354 ὃς
327 1292 627 1361 Κορινθίοις
674 1294 1031 1360 ἐπιστέλλων,
1075 1313 1094 1344 r
1126 1297 1198 1348 Οὐ
1231 1296 1390 1360 θέλω,
1423 1299 1607 1366 φησὶν,
1662 1298 1804 1367 ὑμᾶς

242 1382 472 1446 ἀγνοεῖν,
523 1381 761 1448 ἀδελφοὶ,
798 1384 876 1435 ὅτι
911 1385 958 1436 οἱ
995 1387 1228 1455 πατέρες
1271 1388 1427 1455 ἡμῶν
1473 1389 1669 1451 πάντες
1703 1389 1804 1440 ὑπὸ

239 1472 333 1540 τὴν
357 1471 580 1540 νεφέλην
609 1467 766 1542 ἦσαν,
799 1477 891 1526 καλ⁵
921 1477 1121 1538 πάντες
1138 1477 1222 1528 διὰ
1245 1479 1342 1545 τῆς
1370 1477 1640 1546 Θαλάσσης
1660 1479 1805 1548 διῆλ-

239 1563 346 1627 θον,
381 1564 474 1615 καὶ
498 1564 694 1626 πάντες
730 1566 808 1627 είς
836 1566 924 1617 τὸν
957 1567 1196 1634 Μωῦσῆν
1230 1567 1636 1637 ἐϐαπτίσθησαν
1658 1570 1714 1622 ἐν
1738 1573 1801 1638 τῇ

239 1652 430 1722 νεφέλῃ
466 1654 560 1705 καὶ
588 1656 644 1706 ὲν
667 1657 732 1724 τῇ
761 1655 1021 1727 θαλάσσῃ.
1055 1673 1072 1705 ι
1111 1658 1186 1726 Τῇ
1221 1659 1318 1726 μὲν
1345 1659 1537 1730 νεφέλῃ
1564 1660 1621 1710 τὸ
1647 1660 1806 1711 πνεῦ-

240 1758 334 1810 μα,
370 1746 434 1812 τῇ
464 1742 520 1796 δὲ
549 1743 792 1816 θαλάσσῃ
824 1746 886 1797 τὸ
919 1747 1062 1817 ὕδωρ
1081 1749 1282 1812 τυπῶν,
1323 1750 1380 1812 ἐξ
1408 1744 1482 1802 ὧν
1515 1753 1605 1803 καὶ
1633 1753 1698 1804 δι’
1730 1747 1804 1806 ὧν

243 1833 269 1902 1]
303 1835 450 1903 πηγὴ
483 1833 854 1905 βαπτίσματος
880 1853 893 1867 ⁸
923 1839 1120 1908 μᾶλλον
1141 1841 1196 1891 δὲ
1227 1842 1324 1909 τῆς
1365 1841 1700 1910 θεογενεσίας
1745 1846 1829 1897 ἰδ’

241 1923 379 1991 μέγα
406 1923 573 1992 δῶρον
599 1928 688 1978 καὶ
719 1927 1021 1980 κάλλιστον.
1062 1931 1168 1982 Καὶ
1201 1932 1420 2002 γάροὺκ
1449 1933 1593 1986 ἔστιν
1610 1935 1802 2000 ἄλλως,

240 2013 269 2081 ἢ
310 2017 365 2066 ὲν
401 2015 479 2084 τῷ
527 2017 640 2086 Υίῷ
673 2017 763 2070 τὸν
813 2019 1046 2089 Πατέρα,
1080 2022 1111 2090 ἢ
1147 2023 1204 2074 ἐν
1232 2022 1308 2091 τῷ
1343 2025 1517 2094 Πατρὶ
1564 2027 1654 2078 τὸν
1681 2027 1805 2079 Υίὸν

242 2105 670 2174 ὲνοπτρίζεσθαι,
711 2110 792 2160 ὅτι
842 2111 914 2179 μῆ
943 2113 998 2162 ὲν
1038 2112 1113 2181 τῷ
1143 2113 1417 2183 Πνεύματι
1456 2118 1531 2186 τῷ
1565 2117 1722 2185 ἀγίῳι
1778 2119 1804 2170 ὃ

239 2195 392 2266 παρά
412 2196 504 2248 τοῦ
539 2199 748 2268 Πατρὸς
781 2202 1136 2272 ἐκπορεύεται
1167 2205 1283 2273 μὲν,
1327 2205 1441 2274 Υίῷ
1476 2206 1531 2258 δὲ
1565 2209 1683 2258 κατ’
1715 2209 1805 2260 οὺ-

241 2287 358 2339 σίαν
388 2288 751 2361 ἐμφιλοχωρεϊ
777 2293 868 2344 καὶ
897 2294 1251 2359 ἀναπαύεται,
1283 2296 1356 2359 ὡς
1387 2296 1688 2365 ὁμοούσιον,
1715 2300 1806 2351 καὶ

237 2378 547 2450 ιμόθρονον,
574 2383 663 2435 καὶ
692 2384 965 2454 ὁμότιμον.

310 2472 599 2524 Κάνταῦθα
620 2473 818 2540 τοίνυν,
846 2478 935 2529 καὶ
967 2479 1024 2528 ὲν
1052 2477 1128 2547 τῷ
1175 2479 1414 2551 Ἰορδάνῃ
1445 2481 1504 2533 τὸ
1528 2482 1657 2535 αὐτὸ
1710 2483 1807 2550 τῆς

238 2559 467 2631 Τριάδος
488 2565 810 2634 φανεροῦται
836 2569 1148 2637 μυστήριον,
1181 2569 1252 2638 τῷ
1285 2571 1686 2642 ὑπερηνωμένῳ
1715 2575 1806 2625 καὶ

248 2654 424 2723 πάντη
469 2655 736 2727 μοναδικῷ
769 2660 866 2728 τῆς
899 2661 1276 2731 ὑπερανάρχου
1312 2663 1559 2732 θεότητος
1586 2667 1804 2736 συνεχό-

240 2745 404 2810 μενόν
442 2764 500 2798 τε
529 2749 620 2800 καὶ
656 2750 1046 2821 ἑκφαινόμενον
1071 2752 1156 2804 διά
1184 2753 1290 2807 τῶν
1319 2755 1496 2806 αὐτῶν
1527 2757 1802 2824 ῥημάτων.

242 2836 544 2908 Προσθήσω
563 2841 640 2904 δὲ,
669 2843 749 2894 ὅτι
780 2843 873 2896 καὶ
893 2845 1253 2914 πραγμάτων,
1287 2847 1362 2916 τῷ
1398 2864 1459 2914 γε
1494 2848 1650 2909 θείως
1680 2865 1807 2900 σκο-

238 2929 432 2982 ποῦντι
473 2933 568 2984 καὶ
608 2935 788 2987 πᾶσαν
823 2935 1323 3008 ὑπεραναίὴσηκότι
1354 2939 1450 3008 τὴν
1488 2940 1683 3004 κτίσιν,
1742 2943 1805 3010 τῇ

237 3019 433 3091 eam;
465 3022 558 3074 τοῦ
606 3024 938 3096 Πνεύματος.
976 3027 1144 3080 Τοῦτό
1194 3030 1310 3082 ἐστι
1343 3029 1408 3082 δι’
1433 3029 1460 3082 ὃ
1501 3033 1564 3101 τῇ
1612 3032 1806 3101 νεφέλῃ

1907 592 2098 644 nempe
2122 577 2357 647 Spiritus
2393 582 2877 650 sanctus.Spiritus
2895 581 3054 648 quide
3073 579 3213 630 coelo
3243 569 3466 630 descen-

1906 664 1979 716 dit
2011 667 2276 719 columbae
2325 668 2526 734 specie,
2592 674 2882 733 manetque
2910 679 3074 731 super
3104 663 3254 716 illum
3282 664 3461 730 ipsuut

1906 757 1996 820 qui
2031 755 2336 824 baptizatur
2356 767 2402 818 ο,
2430 774 2448 806 ι
2477 752 2846 823 baptizatque,
2869 755 3021 820 juxta
3052 749 3464 806 Joannis‘testi-

1909 847 2165 906 monitnn,
2192 844 2244 896 in
2276 845 2472 912 spiritu
2504 852 2557 897 et
2585 845 2689 913 igni
2738 855 2752 891 :
2783 859 2800 891 ι
2855 845 2905 896 in
2931 854 3101 910 quoet
3123 846 3462 904 continuam,

1905 936 1949 987 si
1980 935 2051 985 ita
2109 935 2266 986 liceat
2335 935 2506 1003 loqui,
2579 939 2919 987 mansionem
2980 933 3160 992 habet,
3223 948 3319 998 pro
3375 934 3460 984 illa

1907 1039 2262 1092 personarum
2285 1025 2336 1076 in
2368 1041 2425 1078 se
2459 1026 2688 1077 invicem
2736 1026 2880 1078 velut
2943 1024 3094 1075 firma
3140 1022 3265 1074 sede
3295 1035 3343 1075 et
3379 1025 3467 1074 in-

1908 1117 2173 1169 cessione.
2240 1114 2318 1167 Ad
2365 1117 2509 1168 hunc
2551 1123 2731 1167 autem
2767 1114 2833 1166 de
2863 1114 3003 1166 nube
3050 1128 3291 1170 scnsutn,
3351 1128 3472 1163 ma-

1906 1210 1997 1275 gni
2030 1207 2273 1275 Apostoli
2304 1207 2546 1259 doctrina
2578 1205 2854 1268 subvehit,
2886 1206 2956 1256 ita
2991 1203 3056 1256 de
3096 1204 3180 1256 his
3212 1204 3462 1255 scriben-

1908 1301 1977 1352 tis
2014 1299 2078 1350 ad
2144 1298 2458 1351 Corinthios
2493 1315 2504 1348 :
2537 1315 2552 1345 ι
2582 1295 2716 1348 Nolo
2768 1310 2863 1347 vos
2909 1295 3179 1361 ignorare,
3244 1292 3458 1354 fratres,

1905 1386 2161 1452 quoniam
2205 1392 2384 1451 patres
2417 1384 2585 1435 nostri
2617 1397 2810 1435 omnes
2838 1382 2939 1433 sub
2968 1381 3108 1432 nuhe
3139 1379 3377 1442 fuerunt,
3406 1390 3461 1432 et

1906 1488 2094 1527 omnes
2129 1486 2279 1525 mare
2309 1472 2669 1534 transierunt,
2692 1478 2744 1523 et
2776 1484 2965 1521 omnes
2993 1469 3044 1520 in
3078 1468 3256 1536 Moyse
3282 1467 3462 1533 bapti—

1909 1565 2012 1616 zati
2088 1571 2235 1627 sunt,
2272 1563 2323 1614 in
2378 1563 2544 1624 nube,
2587 1562 2720 1613 etin
2761 1559 2896 1612 mari
2923 1567 2970 1610 ι.
2996 1578 3013 1609 ›
3049 1558 3200 1610 Nube
3251 1559 3465 1625 quidem

1908 1671 2004 1709 ceu
2064 1662 2191 1723 typo
2237 1661 2637 1720 repraesentans
2696 1651 3011 1716 Spiritum,
3083 1649 3217 1699 mari
3286 1655 3466 1699 autem

1909 1760 2132 1813 aquam,
2155 1759 2220 1798 ex
2247 1743 2449 1811 quibus
2477 1750 2530 1795 et
2553 1757 2580 1794 a
2613 1741 2814 1809 quibus
2841 1740 2958 1792 fons
2991 1747 3074 1791 est
3103 1738 3465 1806 baptismatis.

1839 1810 1876 1862 Β
1906 1810 1986 1887 vel
2032 1833 2212 1902 potius
2245 1810 2441 1885 divinae
2471 1830 2775 1884 nativitatis
2810 1843 3061 1895 magnum
3091 1828 3218 1879 illud
3251 1836 3302 1878 et
3336 1826 3470 1894 pul—

1906 1926 2239 1978 cherrimum
2302 1923 2527 1977 donum.
2599 1920 2789 1989 Neque
2853 1924 2996 1973 enim
3075 1918 3179 1970 alia
3260 1919 3470 1968 ratione

1907 2024 2105 2084 potest,
2163 2014 2244 2067 vel
2280 2011 2440 2067 Pater
2476 2013 2529 2065 in
2561 2011 2722 2076 Filio,
2750 2011 2833 2064 vel
2861 2011 3031 2063 Filius
3064 2011 3295 2062 inl‘atre
3323 2008 3470 2060 velut

1906 2108 1959 2160 in
2001 2106 2221 2174 speculo
2273 2104 2512 2166 elucere,
2551 2116 2710 2170 quam
2764 2115 2870 2168 qua
2904 2099 2957 2150 in
2989 2097 3197 2165 Spiritu
3257 2104 3468 2157 sancto,

1905 2202 1996 2270 qui
2040 2215 2068 2252 a
2100 2197 2260 2251 Patre
2302 2194 2570 2266 procedit,
2626 2192 2984 2261 libensquein
3024 2188 3161 2241 Filio
3210 2197 3389 2242 manet
3416 2197 3470 2241 et

1907 2292 2242 2361 requiescit,
2313 2297 2569 2356 tanquam
2624 2285 2867 2357 ejusdem
2941 2284 3245 2344 essentia,
3307 2293 3468 2350 atque

1904 2384 2098 2453 aequali
2146 2383 2271 2436 sede
2321 2393 2373 2435 et
2401 2381 2629 2433 honore.
3036 2432 3047 2445 _

1976 2472 2112 2526 Tum
2168 2471 2256 2524 hic
2305 2485 2469 2538 ergo,
2518 2477 2630 2519 tum
2671 2465 2724 2518 in
2759 2461 2993 2517 Jordane
3031 2461 3174 2514 idem
3231 2460 3473 2513 declara-

1907 2561 2331 2631 tnrgTrinitatis
2397 2558 2738 2629 mysterium,
2773 2553 2920 2623 quod
2956 2553 3192 2604 maxima
3224 2553 3472 2604 omnino-

1905 2671 2011 2724 que
2038 2652 2473 2722 singularissima
2502 2651 2706 2702 unitate
2733 2645 3230 2700 intemeratis'sima:
3254 2643 3473 2696 deitatis

1908 2746 2185 2809 consistit,
2221 2743 2523 2810 iisdemque
2586 2740 2766 2792 verbis
2799 2735 3198 2790 manifestatur.
3236 2733 3472 2786 Addide-

1910 2840 2009 2892 rim
2073 2849 2197 2889 vero
2227 2842 2282 2888 et
2311 2833 2475 2884 rebus
2527 2828 2743 2889 iisdem,
2780 2827 2822 2879 si
2859 2825 2982 2894 quis
3015 2824 3196 2876 divina
3239 2820 3475 2889 qundam

1909 2928 2121 2982 ratione
2144 2924 2470 2985 consideret,
2509 2932 2842 2987 omnemque
2874 2913 3231 2968 transcendat
3260 2921 3480 2965 creatu-

1909 3035 2047 3081 ram,
2089 3016 2298 3085 Spiritu
2352 3015 2512 3067 duce.
2567 3010 2697 3062 Eam
2726 3011 2796 3063 ob
2832 3023 2943 3061 rem
2979 3006 3160 3060 eximii
3196 3003 3480 3073 praecipui-

239 3112 733 3204 περιλαμφθέντες,
755 3094 859 3172 νκαὶ
881 3119 956 3189 τῷ
991 3121 1128 3187 φωτὶ
1155 3122 1248 3174 τοῦ
1282 3094 1574 3192 προσώπού
1605 3094 1807 3192 Κυρίου
1836 3144 1878 3204 C

1803 3094 1807 3168 ζ
1836 3144 1878 3204 C
1913 3123 2017 3178 que
2051 3104 2305 3176 apostoli,
2333 3104 2369 3156 ii
2400 3101 2549 3172 digni
2600 3100 2796 3159 habiti,
2821 3098 2915 3167 qui
2971 3094 3476 3194 transfigurationis

239 3203 424 3255 πᾶσαν
456 3205 686 3276 ὀπτικήν
708 3207 987 3278 ἐνέργειαν
1008 3211 1390 3280 ἀφαιρεθέντες
1413 3213 1461 3264 οἱ
1489 3212 1807 3282 προκριθέν-

242 3306 336 3354 τες
375 3293 482 3345 τῶν
515 3297 847 3360 ἀποστόλων,
878 3302 974 3367 τῆς
1004 3301 1096 3351 ἐπὶ
1127 3300 1218 3352 τοῦ
1262 3301 1421 3369 ὅρους
1450 3303 1812 3372 μεταμορφώ-

244 3398 384 3445 σεως
413 3386 644 3439 ἐπόπται
673 3405 729 3439 τε
764 3390 1017 3455 γενέσθαι
1046 3392 1138 3444 καὶ
1174 3391 1448 3462 μάρτυρες
1472 3392 1812 3456 ἀξιωθέντες,

243 3473 351 3537 ἔξω
380 3477 592 3529 πάντων
629 3479 872 3547 ἐγένοντο
902 3482 1008 3532 τῶν
1036 3483 1346 3551 ὁρωμένων,
1379 3482 1455 3535 ἔτι
1489 3485 1544 3536 δὲ
1577 3485 1667 3537 καὶ
1698 3487 1818 3536 ἑαυ-

244 3565 388 3629 τῶν,
429 3568 514 3620 ἵνα
546 3569 606 3620 τὸ
646 3571 825 3641 πάσης
863 3570 1113 3634 θειόσεὼς
1153 3571 1194 3604 ³⁸
1246 3589 1302 3624 τε
1348 3574 1440 3626 καὶ
1478 3574 1816 3643 ἀφαιρέσεως

247 3655 549 3724 ἐκϐεϐηκὸς
593 3659 716 3711 καθ’
755 3661 1028 3730 ὑπεροχὴν
1070 3661 1409 3731 ὕπερούσιον,
1465 3665 1530 3733 τῇ
1562 3663 1817 3731 έκφάνσει

249 3745 344 3799 τοῦ
377 3747 572 3815 Λόγου,
614 3751 790 3822 καὶτῇ
821 3752 1127 3805 ἐπισκιάσει
1161 3753 1253 3805 τοῦ
1289 3754 1612 3823 πνεύματος,
1638 3756 1729 3806 καὶ
1752 3757 1816 3826 τῇ

247 3838 459 3892 ἄνωθεν
486 3843 549 3892 ὲκ
570 3843 665 3911 τῆς
691 3844 917 3912 νεφέλης
951 3846 1227 3918 φερομένῃ
1271 3849 1419 3916 φωνῇ
1444 3846 1536 3898 τοῦ
1565 3849 1815 3916 γεννήτο-

252 3949 370 4003 ρος,
399 3934 465 3986 δι’
510 3935 770 4004 ἀϐλεψίας
812 3939 904 3990 καὶ
933 3940 1205 4004 ἀγνωσίας
1249 3939 1576 3993 παιδευθῶσι
1617 3945 1820 4010 μυστή.

253 4038 390 4100 ρεον.
433 4023 571 4077 ’Υπδ
624 4027 796 4096 ταύτῃ
845 4028 1082 4094 γίνονται
1131 4033 1196 4100 τῇ
1233 4030 1428 4103 νεφέλῃ
1480 4031 1684 4100 Μωσῆς
1729 4033 1822 4084 καὶ

265 4115 470 4181 Ἠλίας,
500 4117 592 4170 καὶ
618 4117 696 4187 τῷ
724 4119 898 4187 Ἰησοῦ
934 4120 1315 4186 συλλαλοῦντες
1345 4124 1583 4192 ὼρῶντο,
1616 4125 1706 4175 καὶ
1723 4125 1822 4192 τὴν

245 4206 431 4270 Ιῑξοδον
479 4207 644 4261 αὐτοῦ
683 4210 780 4279 τὴν
813 4210 902 4263 διά
950 4213 1186 4283 σταυροῦ
1216 4213 1609 4284 προμηνύουσι.
1645 4209 1746 4265 Ὧν
1794 4215 1823 4265 ὁ

251 4300 355 4366 μὲν
387 4300 478 4352 τὸν
506 4301 772 4369 γραπτὸν,
797 4302 872 4364 ὡς
907 4302 1077 4372 ἔφθην
1112 4302 1301 4365 εἰπὼν,
1331 4304 1360 4354 6
1391 4303 1446 4356 δὲ
1472 4304 1564 4355 τὸν
1596 4304 1824 4370 φυσικὸν

245 4388 413 4456 νόμον
451 4388 617 4458 δηλοῖ.
653 4389 748 4441 ’Ὶν’
774 4392 801 4441 ὁ
844 4389 909 4442 δι’
939 4390 1262 4460 ἀμφοτέρων
1297 4408 1315 4441 ι
1356 4389 1676 4460 πολυμερῶς
1729 4391 1823 4442 καὶ

1913 3200 1965 3251 in
2025 3204 2205 3251 monte
2257 3195 2594 3260 inspectores
2642 3196 2828 3242 essent
2879 3195 2928 3239 et
2991 3191 3202 3247 testes,
3255 3182 3480 3235 interci-

1914 3293 2096 3365 piente
2143 3291 2306 3354 nube,
2344 3302 2407 3340 ac
2457 3287 2578 3338 luce
2625 3298 2654 3334 a
2709 3279 2991 3334 Dominico
3044 3277 3194 3331 vultu
3245 3275 3484 3328 micante

1913 3387 2090 3439 visum
2148 3396 2361 3436 onmem
2413 3377 2706 3437 adimente,
2759 3371 3014 3425 omnibus
3061 3369 3163 3424 sub
3196 3377 3478 3436 aspectum

1914 3453 2236 3533 cadentibus
2262 3479 2614 3527 excesserunt
2661 3485 2672 3520 :
2707 3468 2772 3520 ad
2801 3467 2918 3519 haec
2939 3478 3065 3518 vero
3092 3471 3145 3516 et
3171 3461 3369 3528 seipsis
3389 3499 3404 3522 ,
3427 3467 3485 3512 ut

1917 3568 2077 3622 Verbi
2121 3564 2424 3620 occultiore
2476 3559 2750 3622 doctrina,
2774 3568 2826 3611 et
2855 3553 3279 3611 obumbratione
3308 3551 3486 3620 Spiri-

1917 3644 2041 3726 tus,
2064 3673 2127 3712 ac
2161 3657 2438 3711 chitoris
2494 3666 2625 3706 voce
2652 3651 2718 3704 de
2748 3649 2888 3704 coelo
2941 3648 3132 3710 missa,
3189 3645 3337 3699 velut
3386 3658 3489 3698 ca:—

1918 3755 2080 3808 citate
2106 3760 2159 3807 et
2188 3751 2554 3822 ignoratione,
2580 3748 2630 3801 id
2662 3746 2797 3801 tanti
2847 3748 3254 3798 sacramentum
3313 3737 3488 3791 disce-

1918 3852 2062 3906 rent,
2094 3843 2238 3912 quod
2270 3843 2441 3911 totius
2476 3840 2766 3910 positionis
2795 3844 2846 3890 et
2878 3832 3184 3902 negationis
3218 3829 3329 3899 (li)
3356 3829 3492 3883 emi-

1921 3943 2140 3988 nentem
2201 3932 2527 3988 substantiae
2555 3928 2945 3999 perfectionem
2969 3937 3133 3993 supra
3159 3920 3376 3974 modum
3397 3933 3493 3970 cx-

1922 4027 2159 4081 cederet.
2199 4022 2313 4077 Sub
2347 4022 2448 4076 hac
2503 4019 2648 4073 nube
2679 4019 2906 4072 veniunt
2931 4013 3109 4068 Moses
3141 4018 3193 4065 ct
3227 4009 3393 4066 Elias.
3428 4021 3492 4060 ac

1922 4115 2023 4170 visi
2055 4124 2184 4170 sunt
2225 4115 2608 4182 colloquentes
2659 4124 2783 4163 cum
2811 4105 2964 4170 Iesu,
3009 4102 3490 4174 pra‘ntmtiantque

1923 4209 2042 4276 ejus
2056 4205 2300 4260 futurum
2317 4217 2604 4259 excessum
2626 4215 2720 4270 per
2742 4211 2959 4252 crucem
2973 4193 3272 4263 .'_Quorum,
3290 4189 3490 4249 utdixi.

1926 4300 2017 4352 ille
2053 4295 2269 4366 quidem
2316 4294 2576 4362 scriptam
2617 4292 2815 4360 legem,
2855 4287 2943 4340 hic
2970 4293 3154 4337 autem
3185 4281 3492 4334 naturalem

1928 4389 2150 4442 indicat.
2205 4385 2357 4440 Adeo
2413 4391 2472 4437 ut
2532 4380 2798 4443 Verbum,
2856 4375 3005 4447 quod
3077 4391 3094 4423 ι
3132 4369 3494 4425 multifariam

249 4479 627 4549 πολυτρόπως,
661 4499 678 4530 ι
708 4458 1079 4543 ἀποστολικῶς
1102 4458 1820 4548 εἰπεῖν,άναγινωσκύμενος
1852 4494 1895 4547 D

1852 4494 1895 4547 υ
1927 4479 2227 4546 multisque
2283 4475 2464 4529 modis
2506 4473 2532 4511 ιι
2575 4491 2593 4523 ι
2633 4471 2854 4540 legitur,
2907 4477 2966 4520 ut
3019 4461 3265 4534 Apostoli
3318 4458 3497 4510 verbis

245 4570 425 4637 Λόγος
449 4610 464 4634 ,
489 4571 580 4624 τοῦ
613 4573 710 4642 μὲν
741 4571 987 4642 ποιητὴς.
1017 4572 1109 4625 τοῦ
1133 4572 1189 4624 δὲ
1214 4573 1502 4643 πληρωτὴς
1526 4575 1820 4645 γνωρισθῇ·

246 4661 348 4715 καὶ
377 4661 452 4729 νῷ
484 4661 582 4732 μὲν
609 4663 756 4724 τέλος
787 4661 976 4715 ἑαυτὸν
1009 4661 1170 4731 ἐπιθῇ
1207 4662 1267 4713 τὸ
1307 4663 1595 4732 μακάριον,
1629 4662 1719 4713 τὸν
1765 4662 1822 4713 δὲ

248 4753 632 4807 παλαιωθέντα
668 4755 767 4825 ἤδη
809 4756 904 4807 καὶ⁵
929 4754 1252 4826 διαρρυέντα
1281 4758 1392 4816 τοῖς
1425 4755 1658 4823 λογικοῖς
1721 4754 1824 4805 ὑπὸ

1933 4571 2145 4639 loquar,
2173 4567 2402 4621 alterius
2433 4561 2655 4634 quidem
2702 4565 3138 4630 cognosceretur
3173 4559 3386 4609 auctor.
3423 4547 3500 4599 al-

1932 4661 2104 4715 terius
2134 4673 2264 4713 vero
2313 4662 2784 4712 consummator:
2843 4658 3006 4718 atque
3066 4644 3222 4700 alteri
3277 4640 3498 4711 quidem

1932 4747 2149 4807 beatum
2188 4765 2249 4804 se
2299 4749 2480 4819 ipsum
2536 4745 2698 4801 finem
2733 4741 3075 4814 adiungeret,
3130 4737 3354 4791 alteram
3384 4731 3498 4802 jam

330 4948 352 4976 ο
387 4935 542 4990 han.
577 4948 615 4997 I,
650 4933 739 4988 3'5.
805 4932 953 4987 limo
972 4929 1156 4990 Matth.
1184 4924 1444 4998 ut,“.‘l
1483 4931 1700 4994 Cor.'x.
1745 4933 1795 4996 i,
1829 4931 1885 4985 2.
1961 4929 1989 4969 ιι

698 4933 739 4988 5.
805 4932 953 4987 limo
972 4929 1156 4990 Matth.
1184 4924 1444 4998 ut,“.‘l
1483 4931 1700 4994 Cor.'x,
1745 4933 1795 4996 1,
1829 4931 1885 4985 2.
1961 4929 1989 4969 ιι
2022 4929 2188 4983 Hebr.
2222 4943 2261 4992 ι,
2319 4927 2371 4980 γι.

1497 5045 1729 5100 νΑῐιιΑ]
1787 5041 2198 5099 LECTIONES.

327 5144 370 5177 ³⁸
403 5141 565 5196 Forte
601 5139 822 5202 θέσεως.

1569 5220 1955 5278 COMBEFISII
1987 5221 2225 5279 ΝΟΤΕ.

332 5323 442 5391 (Η)
472 5322 656 5378 Totius
681 5320 960 5389 positionis
989 5328 1037 5372 et
1062 5317 1380 5391 negationis,
1402 5326 1506 5370 etc.
1549 5315 1621 5391 To
1653 5316 1833 5382 πάσης

250 5385 460 5456 Otacilii;
485 5411 544 5446 τε
593 5385 691 5446 καῖ
719 5391 1065 5462 ἀφαιρέσεως
1115 5385 1228 5462 Duo
1264 5395 1397 5462 sunt
1453 5385 1597 5439 modi
1637 5399 1839 5452 cogno-

251 5464 452 5519 scendi
483 5463 691 5525 divina,
742 5459 976 5531 quorum
1015 5461 1102 5513 hic
1134 5459 1274 5512 alter
1307 5459 1468 5511 altior
1517 5463 1833 5531 est;qnan-

251 5548 426 5604 quam
461 5542 516 5589 et
555 5535 675 5604 ipse
729 5525 1216 5604 deficientissimus
1257 5547 1269 5582 :
1304 5536 1359 5582 ut
1386 5541 1494 5598 quo
1530 5541 1630 5604 nec
1661 5525 1828 5604 genui

252 5596 392 5675 quid
439 5612 524 5660 est
552 5596 595 5672 ,’
629 5605 900 5675 novimus.
966 5599 1281 5675 Mysterium
1345 5596 1476 5675 ergo
1529 5596 1830 5675 ξκόεόηκὺς

254 5666 383 5730 καθ’
441 5666 737 5744 ὑπεροχὴν,
790 5666 1116 5742 ὕπερούσιον
1160 5671 1340 5738 πάσης
1390 5666 1587 5744 θέσεως
1620 5683 1678 5718 τε
1721 5666 1830 5718 καὶ

256 5738 1039 5817 ἀφαιρέσεως,“ιένεΙαιιίΙυιιι
1075 5744 1354 5797 inmontc.
1408 5738 1654 5793 Trinitas
1720 5745 1822 5800 est,

1935 5332 2056 5386 qua:
2090 5316 2328 5385 seipsam
2381 5313 2612 5367 doceat:
2647 5309 2873 5386 omnino
2906 5305 3178 5386 excedens
3232 5297 3501 5386 quidquid

1935 5370 2002 5442 de
2027 5388 2139 5442 Deo
2161 5370 2508 5454 concipimus
2531 5395 2694 5454 supra
2729 5377 3122 5454 substantiam,
3160 5385 3222 5424 ac
3246 5370 3504 5454 substan:

1933 5437 2471 5520 tiazweininensftum
2505 5437 2849 5522 allii-mando,
2876 5454 2998 5522 tum
3059 5440 3330 5522 negando.
3363 5437 3504 5518 Sunt

1934 5530 2022 5583 hic
2078 5529 2260 5582 omnia
2313 5519 2468 5579 valde
2516 5521 2747 5592 mystica
2776 5531 2830 5574 et
2856 5519 3048 5571 devota
3077 5551 3093 5577 ,
3141 5519 3322 5592 potius
3355 5522 3501 5592 serto

1931 5578 2242 5653 meditando
2275 5607 2325 5651 ct
2352 5578 2615 5649 trahenda
2641 5590 2706 5646 ad
2736 5603 2938 5654 mores,
2960 5599 3123 5657 quam
3141 5578 3502 5652 longioribus

1929 5670 2257 5725 commentis
2288 5666 2585 5721 oneranda.
