4236 6440
238 412 335 483 957

1196 420 1272 478 IN
1312 413 2153 478 ΤιιΑΝΞΡΙΟυΙιΑΤιΟΝΕΜ
2193 410 2493 472 DOMINI.

3338 396 3440 458 958

237 526 565 596 κυριώτατόν
590 544 648 579 τε
680 529 772 580 καὶ
802 524 1261 597 ἀκραιφνέστατον
1297 527 1469 591 τέλος,
1508 522 1565 579 οὗ
1605 526 1785 577 εἵνεκα
1817 531 1857 583 Α
1887 538 1910 589 q

1763 542 1785 577 ι
1817 531 1857 583 Α
1887 536 2045 589 quem
2070 521 2327 572 nimirum
2350 520 2401 569 in
2424 514 2690 567 Trinitate
2722 508 3153 577 contemplamur
3170 489 3226 556 et
3248 501 3436 554 adora-

236 616 403 671 πάντα
422 617 488 669 τὰ
514 616 667 682 ἄλλα,
700 618 830 670 αὐτὸ
862 617 918 670 δὲ
942 617 1151 680 οὐδενὸς
1179 616 1382 669 εἵνεκα.

299 894 527 960 Μεγὰλα
574 893 753 947 τοίνυν
802 895 966 959 ἐστὶν,
1027 894 1298 963 ἄνθρωπε,
1333 895 1400 947 τα
1438 893 1783 963 δεδωρημένα

234 997 333 1045 σοι,
364 982 455 1034 καὶ
478 981 546 1033 τὰ
572 981 651 1034 ἔτι
684 983 1004 1052 δοθήσεσθαι
1048 984 1302 1053 μέλλοντα
1334 986 1469 1055 πρὸς
1501 984 1631 1036 Θεὸν
1656 986 1784 1035 ἁνα-

232 1071 492 1140 τρὲχοντι,
523 1073 615 1123 καὶ
648 1074 827 1124 πάντα
856 1072 980 1124 νοῦν
1011 1074 1101 1125 καὶ
1126 1073 1278 1138 λόγον
1311 1074 1434 1140 νικᾷ
1466 1072 1532 1123 τὰ
1570 1072 1696 1139 περὶ
1728 1071 1785 1122 οὲ

234 1160 318 1213 τοῦ
373 1160 508 1213 Θεοῦ
565 1164 854 1232 μυστήρια.
906 1163 996 1213 Διὸ
1031 1162 1104 1230 μὴ
1132 1161 1407 1231 ἀναπέσῃς
1435 1164 1500 1230 τῇ
1546 1160 1786 1229 ῥαθυμίᾳ

233 1253 615 1322 κρατούμενος,
643 1255 776 1323 μηδὲ
818 1254 1041 1306 σεαυτὸν
1079 1255 1370 1323 ἀγνοήσῃς,
1399 1252 1533 1322 μηδὲ
1559 1254 1658 1319 τὴν
1682 1250 1783 1303 δω-

235 1345 361 1413 ρεὰν
383 1344 675 1414 ἀθετήσῃς.
702 1344 862 1396 Ἀλλὰ
900 1345 995 1413 τὴν
1025 1343 1217 1411 κλῆσιν
1257 1343 1552 1410 αἰδέοθητι,
1587 1344 1681 1393 καὶ
1713 1341 1786 1409 μὴ

230 1440 400 1507 φανῇς
447 1437 716 1505 ἀγνώμων
760 1436 1230 1506 εὐεργετούμενος,
1272 1435 1402 1503 μηδὲ
1454 1434 1787 1502 δυσχερὰνῃς

230 1533 423 1600 προῖκα
470 1528 567 1599 τὴν
609 1527 879 1596 σωτηρίαν
919 1525 1237 1595 εὑράμενος.
1282 1526 1554 1577 Καταλιπε
1598 1528 1661 1593 τῇ
1719 1527 1786 1594 τῇ

228 1621 292 1673 τὰ
342 1623 440 1689 τῆς
495 1621 620 1687 γῆς.
651 1619 716 1670 Τί
759 1618 867 1687 γὰρ
913 1618 995 1668 σοὶ
1048 1619 1141 1669 καὶ
1189 1620 1252 1687 τῇ
1292 1621 1397 1686 γῇ;
1445 1635 1463 1667 ι
1518 1618 1620 1671 Ἔα
1663 1619 1786 1680 τοὺς

228 1712 451 1781 νεκροὺς
501 1709 723 1763 θάπτειν
764 1711 888 1771 τοὺς
936 1707 1144 1762 ἑαυτῶν
1200 1700 1460 1780 νεκροὺς,
1511 1728 1529 1760 ι
1564 1711 1592 1761 ό
1635 1710 1786 1777 λόγος

226 1803 609 1856 διακελεύεται.
636 1803 845 1872 Νεκρὸν
884 1803 939 1856 δὲ
974 1804 1254 1873 προδήλως
1297 1802 1440 1856 ἅπαν
1472 1801 1530 1855 τδ
1569 1801 1786 1872 φθειρό-

230 1909 387 1960 μενον
443 1894 533 1945 καὶ
586 1893 877 1962 λυόμενον,
936 1895 1029 1946 καὶ
1077 1897 1258 1963 νεκροί
1318 1896 1441 1957 τοὺς
1506 1893 1785 1964 περιέπον-
1822 1883 1862 1936 Β

228 2000 341 2045 τας.
383 1985 475 2035 Διὸ
505 1985 598 2037 καὶ
646 1985 826 2054 νεκροὶ
851 1986 1075 2055 νεκροὺς
1122 1986 1433 2050 θάπτουσιν,
1469 1986 1518 2039 οἱ
1564 1986 1651 2039 διὰ
1687 1986 1786 2056 τὴν

226 2075 359 2142 πρὸς
407 2076 473 2127 τὰ
512 2076 837 2148 φθειρόμενα
885 2080 1066 2148 σχέσιν
1110 2081 1207 2148 τῆς
1248 2080 1415 2143 ὅντως
1476 2080 1618 2149 ζωῆς
1665 2095 1785 2132 στε-

225 2168 499 2236 ρούμενοι,
527 2169 620 2220 καὶ¹
674 2167 864 2237 μισθὸν
910 2169 1096 2222 τοῦτον
1127 2172 1226 2239 τῆς
1278 2172 1411 2240 πρός
1457 2172 1524 2223 τὰ
1555 2170 1787 2239 λυόμενα

221 2260 510 2321 διαθέσεως
534 2261 902 2329 κομιζόμενοι.
941 2262 999 2313 τὸ
1030 2267 1211 2332 νεκροὶ
1245 2262 1495 2329 γενέσθαι
1528 2264 1785 2330 ὀνομάζε-

223 2351 364 2404 σθαι·
400 2345 460 2404 οὗ
489 2351 539 2402 τί
563 2351 626 2403 ἂν
657 2352 977 2422 ἀθλιώτερος
996 2354 1203 2420 γένοιτο
1228 2372 1242 2419 ;
1277 2354 1499 2407 Πάντων
1532 2352 1623 2406 οὖν
1649 2355 1787 2408 ἁπο-

220 2442 530 2512 γυμνωθεὶς
582 2442 688 2495 τῶν
714 2444 823 2499 ὃσα
878 2445 961 2514 ρεἰ
1028 2446 1122 2496 καὶ
1172 2445 1524 2514 παρέρχεται,
1588 2446 1786 2514 μᾶλλον

218 2534 279 2588 δὲ
304 2534 441 2587 κατὰ
468 2535 690 2603 γνώμην
720 2536 879 2597 αὐτὸς
908 2537 1118 2590 ᾶπαντα
1142 2539 1553 2608 παρωσάμενος,
1584 2540 1683 2592 ὅσα
1710 2541 1787 2608 τῷ

219 2626 323 2696 βίῳ
352 2626 523 2695 τούτῳ
565 2627 657 2678 καὶ
684 2626 760 2694 τῷ
789 2626 997 2696 σαρκίῳ
1046 2630 1557 2696 συναποσόἐννυται,
1583 2594 1787 2700 ἀμεταδ-

224 2720 455 2787 στρεπτὶ
486 2720 830 2790 παρομάρτει
862 2720 936 2790 τῷ
960 2722 1135 2798 Λόγῳ,
1171 2722 1245 2791 τῷ
1273 2723 1359 2780 διὰ
1396 2725 1454 2775 σὲ
1478 2724 1784 2790 κενωθέντι,

216 2806 315 2858 καὶ
359 2809 698 2876 μορφωθέντι
746 2809 805 2861 τὸ
856 2810 1150 2881 ἀλλότριον.
1184 2813 1275 2865 καὶ
1318 2813 1437 2865 ὅλον
1478 2831 1534 2865 σε
1571 2814 1785 2884 φέροντι

220 2898 362 2967 μετὰ
384 2898 489 2951 τῶν
522 2898 651 2965 σῶν,
682 2901 747 2953 ἵν’
785 2904 840 2953 ὲν
870 2902 1049 2972 ἑαυτῷ
1073 2903 1359 2976 δαπανήσῃ
1388 2905 1453 2957 τὰ
1479 2908 1533 2957 ὲν
1564 2907 1643 2957 σοὶ
1675 2908 1785 2974 γεί-

217 3008 373 3059 ρονα,
415 2992 507 3045 καί
562 3009 620 3044 σε
668 2993 883 3054 τελείως
933 2995 1274 3068 ἐλευθερώσῃ
1333 2999 1430 3067 τῆς
1492 2968 1783 3068 ἁμαρτίας.

214 3087 539 3143 Σννόδευσον
569 3088 648 3160 τῷ
694 3090 911 3161 Χριστῷ
944 3091 1029 3143 διὰ
1066 3091 1121 3143 σὲ
1153 3091 1241 3144 τὸν
1284 3092 1486 3160 κόσμον
1530 3092 1785 3153 ὁδεύοντι,

214 3183 313 3235 καὶ
346 3182 419 3251 μὴ
450 3183 799 3253 ἁπολειφθῇς,
835 3185 968 3254 μηδὲ
1004 3189 1131 3256 στῇς
1165 3185 1254 3238 τοῦ
1283 3186 1483 3255 δρόμου
1520 3186 1624 3239 τινί
1686 3204 1785 3239 που
1819 3213 1859 3270 C

216 3272 517 3342 κρατηθεὶς
579 3275 678 3345 τὴν
729 3274 985 3329 διάνοιαν.
1036 3276 1195 3328 Ἀλλὰ
1249 3278 1341 3329 καὶ
1389 3278 1469 3339 εἰς
1529 3278 1788 3346 οὐρανοὺς

212 3363 757 3448 ἀνιόντι-συνάνελθε·
804 3368 921 3419 ἐκεῖ
962 3385 1053 3420 σου
1082 3369 1178 3436 τὴν
1217 3369 1394 3439 ψυχὴν
1440 3371 1531 3424 καὶ
1562 3371 1653 3422 τὸν
1679 3371 1790 3440 βίον

217 3456 764 3557 Femineam-Kan
812 3475 893 3511 σοι
924 3460 983 3511 τὸ
1016 3460 1149 3528 μετὰ
1177 3460 1312 3512 Θεοῦ
1353 3461 1623 3527 γενέσθαι·
1664 3461 1791 3526 ἔνθα

212 3544 327 3597 τῶν
360 3545 529 3613 ἁγίων
563 3548 707 3600 ἐστὶν
738 3550 772 3619 ὴ
806 3522 1131 3618 πανήγυρις,
1160 3550 1285 3603 ἔνθα
1308 3522 1413 3602 τῶν
1430 3522 1792 3621 ἑορταζόντων

213 3631 352 3705 ἦχος
372 3637 780 3709 ὑπέρλαμπρος.
831 3641 953 3695 Ἐπὶ
980 3644 1115 3694 πᾶσι
1150 3641 1205 3694 δὲ
1234 3644 1332 3711 τὴν
1369 3643 1538 3713 καλὴν
1563 3644 1792 3713 ἅμιλλαν

214 3728 613 3799 ἁμιλλώμενος,
637 3731 797 3798 φόὸον
819 3732 907 3801 ἔχε
938 3733 1032 3787 καὶ
1062 3733 1240 3787 πόθον·
1264 3736 1351 3789 ἵνα
1370 3735 1444 3805 τῷ
1480 3737 1576 3805 μὲν
1602 3736 1789 3808 βοηθῇ.

214 3817 319 3871 καὶ
348 3820 422 3888 μὴ
471 3794 998 3893 καταπίπτοιςπρὸς
1041 3823 1288 3895 ἔπαρσιν,
1339 3794 1793 3902 τιῖίμεγέθείκαί

212 3910 408 3966 κάλλει
434 3912 541 3965 τῶν
570 3914 778 3985 ἀρετῶν
809 3915 1274 3986 φιλοτιμούμενος*
1306 3917 1382 3987 τῷ
1407 3918 1462 3971 δὲ
1497 3919 1794 3988 πυρπολού-

172 4039 181 4045 -
216 4018 383 4071 μενος
407 4002 608 4073 ἀνάγῃ.
649 4007 741 4057 καὶ
772 4007 844 4075 μὴ
871 4007 1219 4077 καθυϐρίζοις
1242 4008 1385 4077 κόρῳ
1405 4010 1509 4061 τινὶ
1530 4010 1625 4077 τὴν
1659 4009 1793 4077 πρὸς

209 4093 282 4146 τὸ
319 4094 485 4159 ὅντως
514 4096 673 4149 καλὸν
725 4098 947 4167 πρόοδόν
976 4116 1034 4153 τε
1070 4100 1162 4153 καὶ
1192 4100 1393 4153 ἄνοδον·
1439 4101 1556 4154 ἀλλ’
1585 4101 1795 4153 ἀνενδο-

210 4184 314 4287 τόν
344 4203 403 4237 τε
450 4187 543 4287 καὶ
566 4188 904 4287 ⁸ἀικηλίδωτον
934 4192 1014 4253 είς
1040 4191 1125 4244 ἀεὶ
1154 4193 1376 4263 τηροίης
1412 4194 1501 4246 τὸν
1544 4193 1683 4246 θεῖον
1728 4192 1792 4262 δὴ

211 4279 411 4383 τοῦτον
439 4280 543 4383 καὶἒ
559 4279 927 4351 ὑπερκόσμιον
962 4281 1158 4352 ἔρωτα.
1197 4283 1271 4336 Τὸ
1316 4283 1423 4355 γὰρ
1455 4285 1680 4355 ὲρὰστὸν
1710 4285 1794 4353 ἐφ’

211 4371 360 4440 ὅπερ
387 4372 416 4424 ό
448 4371 608 4435 πόθος
643 4389 723 4426 σοι
745 4374 1000 4440 τείνεται,
1028 4376 1262 4447 ἄναρχόν
1289 4394 1348 4431 τε
1392 4379 1485 4430 καὶ
1507 4378 1796 4445 ἀτελεύτη-

215 4477 336 4518 τον.
362 4462 471 4515 Καὶ
499 4464 654 4517 τοῦτο
677 4466 799 4537 ὄρος
832 4467 1000 4537 αὐτῷ,
1033 4468 1093 4519 τὸ
1143 4470 1318 4538 πάντη
1343 4469 1590 4540 ἀόριστόν
1617 4487 1675 4522 τε
1704 4470 1797 4523 καὶ

210 4552 469 4623 ἄπειρον.
518 4548 592 4607 Οὖ
638 4557 731 4609 καὶ
763 4557 857 4609 νῦν
886 4561 983 4628 τῆς
1036 4558 1209 4629 αὖρας
1260 4560 1345 4613 ἀεὶ
1388 4561 1796 4629 ὲπιτεινομένης
1828 4562 1871 4616 D
1902 4560 2056 4609 "‘1'":
2086 4554 2184 4611 1)Γο

214 4643 765 4747 ἀξιωθείημεν.-Καὶ
778 4649 956 4747 ’ἡνίκα
984 4651 1091 4703 τῶν
1123 4650 1370 4703 ἐντεῦθεν
1399 4650 1795 4720 μεταδαίημεν,

213 4735 374 4802 αὐτῷ
431 4735 683 4806 καθαρῶς
737 4739 813 4808 τῷ
866 4741 1183 4812 ποθουμένῳ
1236 4740 1794 4810 συνανακραθείημεψ

212 4826 406 4897 χάριτι
436 4830 530 4882 καὶ
582 4830 963 4903 φιλανθρωπίᾳ
1012 4832 1104 4886 τοῦ
1157 4834 1359 4905 Κυρίου
1406 4833 1567 4904 ἡμῶν
1627 4832 1798 4901 Ἰησοῦ

209 4921 480 5021 Ξριστοῦ,
514 4919 673 5021 δι”-οὒ
704 4926 798 4977 καὶ
830 4923 948 4993 μεθ’
984 4918 1044 4978 οὗ
1078 4926 1155 4995 τῷ
1186 4928 1378 4996 Πατρὶ,
1424 4926 1516 4979 καὶ
1550 4925 1627 4995 τῷ
1661 4926 1800 4994 ἁγίῳ
1899 4906 2140 4965 ἀεηηίιίο
2164 4920 2221 4960 es

212 5008 502 5079 Πνεῦματι
533 5009 682 5076 δόξα,
714 4979 867 5083 τιμη,
916 4979 1138 5084 κράτος,
1180 5013 1273 5067 νῦν
1305 4979 1408 5065 ’κᾷι
1442 5013 1551 5078 ἀεὶ,
1581 4979 1676 5065 καὶ
1708 4979 1800 5065 Eii:

212 5098 352 5160 τοὺς
378 5101 579 5165 αἰῶνας
607 5102 716 5153 τῶν
748 5101 979 5159 αίώνων.
1012 5104 1207 5173 ’Δμήν.

213 5194 426 5258 manis,
469 5193 570 5263 ipsi
615 5209 752 5263 pure
814 5195 1081 5265 pleneque
1154 5194 1465 5249 desiderato
1546 5192 1998 5247 commisceamur

207 5284 451 5351 Christi,
487 5301 581 5354 per
608 5301 791 5355 quem,
832 5295 888 5341 et
939 5301 1061 5340 cum
1088 5302 1196 5357 quo
1229 5286 1301 5343 sit
1359 5284 1504 5340 Patri
1553 5300 1617 5340 ac
1680 5283 1905 5355 Spiritui
1938 5292 2130 5337 sancto
2163 5275 2355 5347 gloria,
2388 5274 2581 5331 honor,
2616 5270 2876 5341 potestas,

209 5382 283 5436 in
309 5378 505 5435 secula
536 5380 881 5434 saeculorum.
923 5379 1113 5435 Amen.

308 5558 326 5601 ι
359 5559 547 5617 Matth.
588 5576 707 5625 vin,
731 5561 822 5617 2‘2.

1891 630 2010 666 mus
2047 630 2058 663 :
2096 611 2217 663 linis
2241 610 2329 662 ille
2348 606 2563 659 virtutis
2601 600 3185 669 contemplationisqne
3226 592 3440 644 absolu-

1888 702 2135 756 tissimus
2180 715 2244 754 ac
2290 697 2636 755 verissimus,
2680 692 2836 757 cujus
2891 687 3064 754 gratia
3106 688 3234 736 sunt
3263 678 3443 732 omnia

1897 791 2021 850 alia,
2047 789 2159 855 ipse
2186 794 2364 838 autem
2398 782 2604 835 nullius
2637 780 2828 845 gratia.

1958 899 2093 951 Sunt
2138 896 2321 964 itaque
2367 906 2582 961 magna,
2617 905 2649 942 ο
2680 890 2861 947 homo,
2897 897 3015 952 quae
3046 877 3299 943 accepisti
3332 874 3444 927 col-

1888 992 1994 1044 lata
2036 989 2200 1047 dona.
2234 999 2460 1054 Quaeque
2483 981 2660 1034 adhuc
2692 974 2990 1029 rerurrenti
3025 973 3089 1024 ad
3128 970 3292 1021 Deum
3318 975 3445 1017 sunt

1887 1078 2263 1135 Conferenda:
2320 1091 2382 1126 ac
2419 1074 2579 1142 plane
2635 1075 2895 1136 superant
2948 1076 3164 1115 omnem
3225 1070 3444 1111 sensum

1888 1183 1939 1226 et
1989 1170 2255 1224 rationem
2319 1164 2410 1217 Dei
2463 1165 2609 1216 circa
2647 1169 2698 1212 te
2733 1160 3098 1211 sacramenta.
3149 1150 3327 1212 Quare
3381 1160 3445 1196 ne

1890 1261 2102 1331 ignavia
2135 1264 2430 1325 superante
2478 1249 2812 1309 concideris,
2864 1258 2997 1299 neve
3026 1242 3255 1309 teipsnm
3294 1238 3445 1305 igno-

1889 1352 2122 1412 raveris,
2163 1357 2255 1401 aut
2303 1346 2503 1399 donum
2547 1340 2840 1409 spreveris.
2899 1335 3165 1387 Reverere
3206 1326 3446 1380 vocatio-

1891 1459 2033 1508 nem,
2070 1454 2244 1509 neque
2288 1434 2554 1491 hcneiirio
2586 1430 2818 1484 allectus
2872 1426 3119 1493 ingratus
3166 1416 3441 1471 videaris:

1891 1536 1973 1588 vel
2002 1532 2171 1602 gratis
2204 1530 2420 1581 inventa
2455 1524 2647 1584 salute,
2696 1519 2923 1570 moleste
2965 1510 3238 1565 habueris.
3281 1504 3445 1557 Dere-

1890 1626 2075 1693 linque
2117 1630 2273 1673 terrae
2296 1633 2413 1685 qua!
2446 1622 2575 1668 sunt
2605 1621 2816 1665 terrena
2878 1625 2889 1658 :
2932 1603 3059 1673 quid
3089 1601 3229 1653 enim
3261 1596 3352 1648 tibi
3393 1603 3447 1646 et

1891 1714 2087 1769 terrm?
2133 1709 2292 1764 lubet
2330 1706 2560 1759 Verbum
2598 1721 2610 1755 :
2664 1720 2681 1751 ι
2724 1699 2885 1752 Sinas
2918 1701 3162 1746 mortuos
3217 1685 3446 1753 sepelire

1892 1812 2137 1859 mortuos
2178 1812 2308 1853 suos
2339 1794 2381 1849 ι.
2422 1813 2439 1845 ι
2487 1791 2669 1845 Palam
2700 1803 2830 1841 vero
2877 1793 2961 1837 est
3016 1792 3286 1833 nim-tuum
3326 1789 3447 1827 esse

1888 1890 2148 1966 quidquid
2182 1896 2263 1943 est
2308 1881 2644 1951 corruptioni
2696 1876 2988 1929 obnoxium
3020 1881 3072 1925 et
3108 1867 3443 1926 dissolvitur,

1888 1986 2141 2059 quodque
2182 1997 2276 2037 eos
2306 1978 2518 2032 occidat
2565 1975 2658 2044 qui
2693 1971 2877 2025 iovent
2911 1984 2974 2023 ac
3016 1973 3233 2020 curant.
3273 1962 3447 2030 Atque

1890 2082 2008 2136 iulco
2050 2074 2249 2132 mortui
2300 2071 2568 2140 sepeliunt
2614 2077 2879 2125 mortuos,
2915 2061 3003 2130 qui
3047 2057 3328 2111 affertione
3380 2051 3444 2105 ad

1890 2193 1977 2230 res
1999 2169 2266 2227 obnoxias
2298 2159 2639 2231 corruptioni
2676 2158 2821 2210 illitis
2852 2168 2991 2206 vera:
3022 2155 3142 2203 vita’.
3174 2149 3443 2215 jarturam

1891 2268 2121 2321 faciunt.
2155 2261 2313 2327 idque
2357 2251 2626 2307 mercedis
2666 2264 2728 2301 ex
2763 2242 3028 2314 ejusmodi
3063 2238 3346 2292 aﬂ‘ei-tionc
3380 2232 3445 2284 ail

1888 2359 2126 2428 peritura
2175 2325 2483 2418 reportant,
2532 2353 2592 2395 ut
2647 2337 2998 2393 nominentur
3039 2330 3164 2381 facti
3209 2325 3445 2380 mortui:

1890 2462 1998 2516 quo
2039 2442 2167 2512 quid
2226 2435 2497 2491 infelicius
2544 2444 2664 2484 esse
2719 2424 2893 2496 possit
2934 2422 2957 2474 ?
3005 2419 3267 2474 Omnibus
3318 2430 3449 2483 ergo

1890 2539 2146 2599 nudatus,
2189 2534 2453 2600 quotquot
2484 2521 2735 2576 dillluunt
2761 2525 2814 2571 et
2850 2521 3165 2574 transeunt,
3214 2510 3321 2560 imo
3355 2506 3449 2558 de-

1889 2630 2061 2700 pulsis
2120 2623 2449 2692 rejeetisque
2509 2614 2675 2667 animi
2728 2607 3005 2679 proposito
3072 2604 3137 2656 iis
3196 2598 3450 2651 omnibus

1888 2737 2007 2792 ηιιιρ
2066 2715 2228 2771 simul
2282 2725 2405 2765 cum
2466 2706 2665 2761 szeculo
2721 2703 2845 2761 hoc,
2900 2696 3193 2761 carnisque
3230 2689 3451 2742 vasculo

1889 2813 2340 2879 exstinguuntur,
2381 2800 2557 2855 Verbo
2606 2806 2660 2850 te
2720 2792 2974 2848 comitem
3027 2784 3340 2842 indivisum,
3394 2788 3453 2830 ut

1891 2919 2063 2972 neque
2109 2898 2343 2968 aspicias
2382 2902 2553 2950 retro,
2614 2885 2919 2954 adiungas;
2953 2877 3151 2938 Verbo,
3188 2873 3406 2941 inquam
3435 2906 3449 2927 ,

1892 2997 2035 3068 quod
2073 2993 2151 3047 tui
2199 3004 2364 3043 causa
2398 3000 2455 3039 se
2504 2979 2827 3036 exinanivrt.
2879 2987 2943 3027 ac
2985 2961 3216 3023 alienam
3277 2961 3454 3016 induit

1893 3050 2155 3162 f'ormam;
2188 3077 2441 3150 quodque
2472 3081 2644 3125 totum
2685 3077 2735 3121 te
2774 3078 2896 3119 cum
2929 3062 3040 3115 tuis
3076 3062 3276 3128 gestat,
3310 3060 3368 3105 nt
3398 3050 3452 3102 in

1892 3185 2127 3248 scipsum
2170 3182 2261 3227 tua
2296 3170 2425 3223 vitia
2458 3165 2710 3231 malaque
2763 3159 3041 3215 absumat,
3097 3164 3160 3203 ac
3212 3144 3453 3216 perfecte

1892 3288 1920 3324 a
1951 3240 2176 3340 peccato
2208 3260 2456 3317 absolvat
2502 3264 2555 3309 et
2605 3253 2815 3306 liberet.
2873 3244 3094 3301 Christo
3154 3240 3234 3293 tui
3290 3250 3455 3291 causa

1889 3364 1992 3417 iter
2027 3359 2079 3411 in
2106 3352 2311 3409 mundo
2356 3346 2614 3406 facienti,
2647 3354 2762 3395 esto
2790 3336 3002 3392 itineris
3032 3347 3216 3387 comes
3250 3350 3262 3385 :
3297 3343 3357 3381 ac
3389 3343 3456 3380 ne

1890 3447 2176 3510 deieceris,
2213 3458 2346 3497 neve
2370 3441 2551 3506 aliquo
2582 3433 2859 3489 detinente
2899 3428 3162 3487 animum,
3214 3437 3242 3474 a
3290 3435 3453 3473 cursu

1890 3539 2193 3597 destiteris.
2224 3534 2366 3601 Quin
2403 3538 2457 3586 ct
2488 3542 2593 3583 una
2629 3538 2751 3579 cum
2786 3520 3114 3575 ascendente
3165 3516 3220 3568 in
3265 3511 3455 3573 caelus,

1894 3636 2025 3691 illuc
2058 3631 2297 3685 animam
2334 3634 2479 3679 tuam
2513 3621 2746 3687 vitaeque
2792 3616 3056 3668 rationem
3093 3603 3451 3662 transferens.

1892 3726 2093 3797 pariter
2133 3716 2386 3775 ascende.
2422 3715 2631 3768 Bonum
2659 3709 2759 3763 tibi
2802 3714 2887 3761 est
2924 3716 3049 3758 esse
3078 3716 3200 3755 cum
3239 3695 3368 3757 Deo,
3405 3701 3458 3746 et

1895 3794 1953 3872 ut
2002 3816 2203 3872 uelum
2259 3810 2359 3864 tibi
2420 3807 2491 3862 sit
2542 3800 2930 3858 domicilium:
2990 3794 3077 3848 ubi
3138 3797 3454 3846 sanctorum

1892 3908 2134 3964 omnium
2178 3904 2336 3957 latus
2386 3904 2723 3959 conventus;
2765 3889 2854 3943 ubi
2909 3901 3078 3941 sonus
3120 3877 3453 3951 epulantium

1894 3994 2349 4072 praemagniiicus.
2378 3988 2665 4044 Postremo
2700 3990 2904 4042 autem,
2947 3978 3149 4031 bonum
3177 3977 3453 4025 certamen

1894 4058 2133 4152 certans,
2186 4090 2391 4137 metum
2447 4076 2584 4131 habe
2639 4079 2695 4128 et
2744 4067 3120 4124 desiderium:
3178 4066 3238 4113 ut
3287 4058 3458 4109 altero

1892 4179 2109 4251 quidem
2137 4174 2365 4246 iuveris,
2395 4179 2453 4225 ut
2475 4183 2543 4223 ne
2574 4166 2834 4220 virtutum
2872 4151 3242 4225 magnitudine
3278 4155 3331 4202 et
3368 4146 3459 4201 de-

1895 4286 2020 4328 core
2054 4244 2317 4339 glo'rians,
2355 4264 2410 4316 in
2461 4257 2750 4313 elationem
2782 4248 3059 4306 corrueris
3096 4263 3109 4298 :
3148 4244 3329 4295 altero
3357 4254 3459 4290 au-

1895 4377 2001 4420 tem
2030 4362 2182 4415 velut
2212 4352 2559 4411 incendente,
2609 4340 2929 4401 subveharis
2956 4356 2971 4404 ;
3012 4335 3268 4402 nulloque
3303 4328 3461 4382 tmdio

1896 4456 2099 4511 victus,
2133 4456 2447 4517 processum
2493 4445 2891 4500 ascensumque
2932 4428 2985 4481 in
3023 4425 3153 4478 illud
3198 4435 3325 4474 vere
3362 4418 3461 4470 ho-

2188 4539 2287 4592 bro
2317 4531 2604 4593 aﬂeceris;
2652 4525 2744 4581 sed
2778 4535 2992 4590 semper
3027 4513 3367 4570 irrcmissum
3408 4516 3465 4562 et.

1897 4639 2013 4692 sine
2046 4629 2260 4686 macula
2293 4636 2533 4679 amorem
2586 4619 2734 4673 hunc
2781 4612 3023 4669 divinum
3078 4614 3130 4659 et
3180 4604 3458 4659 cmiestem

1896 4722 2222 4784 servaveris.
2272 4717 2379 4772 Res
2405 4715 2607 4784 quippe
2660 4715 2859 4770 amata,
2898 4705 2953 4757 in
2995 4713 3155 4770 quam
3190 4692 3463 4750 desiderio

1899 4818 2081 4877 ferris,
2138 4813 2256 4868 sine
2306 4806 2577 4880 prinmpio
2614 4807 2697 4857 est
2747 4806 2800 4854 et
2855 4789 3197 4849 immortalis.
3252 4785 3351 4841 Cui
3399 4797 3462 4836 ea

2226 4911 2269 4967 t,
2305 4875 2363 4955 ut
2398 4898 2627 4954 omnino
2674 4889 2946 4947 iudefiuita
2982 4892 3036 4940 et
3064 4885 3326 4937 immensa
3353 4875 3463 4930 sit:

1903 5002 2059 5070 cujus
2110 5003 2165 5053 et
2213 4993 2375 5049 modo
2422 4990 2601 5060 jugem
2653 4996 2870 5052 semper
2929 4984 3237 5030 mereamur
3274 4972 3462 5019 auram

1909 5112 1971 5151 ac
1999 5106 2217 5151 suavem
2262 5086 2532 5158 spiritum.
2574 5080 2651 5134 Ac
2684 5077 2775 5132 ubi
2802 5068 3220 5141 migraverimus
3268 5059 3334 5113 ab
3363 5056 3467 5109 hu-

2045 5142 2385 5256 :gratia'et
2448 5173 2780 5243 benignitate
2837 5161 3049 5219 Domini
3110 5154 3286 5213 nostri
3337 5149 3464 5205 Jesu
3540 5142 3543 5145 ’

2902 5272 3043 5313 nunc
3064 5263 3115 5309 et
3147 5265 3380 5320 semper.
3409 5256 3462 5298 et
