4236 6440
257 459 339 529 Μ
1187 509 1191 512 -
1292 469 1372 527 IN
1417 470 1776 530 LAZARUM
1815 474 2432 543 QUATRIDUANUM

3351 488 3455 552 9&2

255 570 436 640 σηπότα
470 569 710 641 προϊέναι
726 568 817 623 τοῦ
832 569 1131 640 μνήματος,
1146 570 1208 623 οὑ
1234 572 1294 623 τὸ
1311 573 1471 642 τυχὸν
1499 570 1566 644 ἦν
1583 573 1788 644 θαῦμα,

1902 578 2059 642 tatio,
2095 579 2332 647 taboque
2379 579 2670 637 detinentis
2706 599 2734 638 e
2787 598 3141 644 monumento
3175 600 3457 660 processio

250 661 351 714 οὐδὲ
385 661 489 712 τῶν
523 660 698 712 ἀλλων
723 659 963 722 ἔλαττον,
1008 653 1083 713 ὧν
1113 663 1453 731 ὲωράκεισαν
1472 680 1486 694 ·
1514 665 1629 716 ἀλλ’
1651 666 1790 718 bui-

252 751 474 811 vov;0t'nt
527 749 792 803 ἐδυσώπει
825 751 886 802 τὺ
932 750 1382 819 μεγαλούργημα.
1448 752 1481 821 ἢ
1523 754 1604 806 ὅτι
1637 755 1794 824 μόνον

251 840 363 908 ὓλην
377 843 439 910 τῇ
478 840 625 907 σφῶν
657 841 928 910 βασκανίᾳ
950 843 1260 911 παρείχετο.
1283 842 1450 907 Δόξαν
1475 841 1568 896 οὖν
1593 845 1794 913 ταύτην

245 929 378 999 )έγει
403 932 608 999 σαφῶς,
639 932 736 998 τὴν
765 931 854 984 διὰ
887 932 1121 1002 σταυροῦ
1157 935 1588 1004 προσγινομένην
1623 937 1792 1005 αὑτῷ,

253 1021 324 1072 τὸν
348 1023 480 1091 ὑπὲρ
510 1022 665 1090 ἡμῶν
705 1023 943 1091 ἑλομένῳ
998 1022 1228 1076 θάνατον
1270 1024 1543 1076 ὑπελθεῖν.
1589 1027 1648 1077 El
1684 1027 1792 1096 γάρ

244 1127 316 1162 τοι
345 1112 429 1162 καὶ
459 1110 565 1178 πρὸ
594 1109 794 1171 παντὸς
823 1111 1018 1173 αἰῶνος
1047 1111 1145 1180 τὴν
1161 1112 1428 1181 πατρικὴν
1457 1109 1602 1181 εἶχεν
1637 1114 1792 1180 δόξαν

243 1200 310 1262 ὡς
335 1200 454 1262 Θεὸς
486 1201 579 1253 καὶ
616 1200 752 1252 Θεοῦ
795 1200 918 1263 Υἱὸς
981 1204 1408 1271 συνουσιωμένος
1441 1205 1606 1273 αὑτῷ,
1658 1207 1792 1257 ἀλλὰ

245 1291 328 1341 καὶ
353 1293 444 1357 τῆς
486 1289 759 1356 παναγίας
813 1289 980 1342 αὑτοῦ
1032 1291 1232 1358 σαρκὸς
1286 1293 1346 1343 τὸ
1389 1295 1657 1362 μακάριον
1686 1295 1792 1346 πά-

245 1380 326 1442 θος
351 1380 501 1443 δόξαν
534 1383 776 1450 ἡγεῖται,
815 1382 1161 1452 παγκοσμίου
1197 1384 1468 1452 σωτηρίας
1505 1386 1793 1454 γενόμενον

243 1472 417 1526 αῐτιον.

319 1608 447 1661 Ἀλλ’
493 1610 586 1662 ἐπὶ
632 1610 730 1680 τὴν
785 1610 902 1664 ὁδὸν
960 1609 1223 1681 ἔλθωμεν,
1283 1611 1349 1681 ἢν
1379 1613 1411 1682 ἡ
1441 1611 1668 1681 ἀληθινῆ
1697 1613 1795 1681 τῆς

242 1697 376 1765 ζωῆς
406 1699 521 1758 ὁδὸς
552 1696 873 1768 παρέδειξεν
905 1701 933 1751 6
965 1699 1219 1768 Χριστὸς,
1258 1700 1461 1751 εἰπών·
1501 1717 1518 1749 ι
1560 1700 1795 1761 Μείζονα

239 1787 430 1855 ταύτης
459 1789 680 1857 ἀγάπης
709 1789 886 1851 οὐδεὶς
917 1789 1151 1858 ἔχει,ῖνα
1189 1805 1270 1850 τις
1299 1788 1397 1858 τὴν
1424 1789 1600 1858 ψυχὴν
1629 1787 1794 1841 αὑτοῦ

1897 683 2005 721 non
2046 671 2268 738 vulgare
2319 673 2647 726 miraculum
2682 688 2821 739 crat,
2860 695 2959 732 nec
2991 683 3286 750 quidquam
3324 689 3458 742 τίείς

1896 759 2022 812 aliis
2054 761 2291 814 habebat
2331 766 2533 816 minus.
2569 765 2634 816 At
2674 783 2778 818 non
2827 767 3079 823 ﬂeetebat
3120 777 3304 842 opt-ris
3341 793 3457 828 tua-

1894 850 2146 915 gnitudo,
2199 867 2295 903 nec
2351 854 2499 905 aliud
2548 869 2724 935 ⁶(μνιιιι
2780 861 3062 911 materiam
3099 864 3460 931 l'ontitemquc

1895 935 2117 989 invidia:
2164 939 2535 992 ministrabat.
2575 942 2883 1013 Hauc-ergo
2932 947 3077 999 clare
3112 952 3340 1016 gloriam
3373 954 3456 1004 tli-

1893 1025 1990 1087 cit,
2022 1040 2145 1093 qua:
2173 1027 2221 1078 ei
2261 1043 2320 1078 ex
2352 1044 2538 1090 crure,
2589 1048 2750 1099 quam
2790 1050 2885 1101 pro
2923 1038 3078 1089 nobis
3120 1039 3285 1091 vuluzt
3329 1045 3460 1092 sub-

1896 1113 1998 1178 ire,
2071 1122 2331 1170 accessit.
2369 1118 2500 1169 Nam
2540 1121 2664 1172 Ιίιτιιι
2719 1133 2844 1174 ante
2877 1141 3038 1176 omne
3074 1131 3334 1181 sat-culum
3368 1148 3459 1197 pa-

1894 1210 2126 1265 tcrnam,
2163 1215 2222 1258 ut
2277 1206 2419 1261 Deus
2449 1224 2512 1260 at:
2561 1209 2735 1263 Filius
2773 1213 2885 1273 Dei,
2925 1219 3198 1269 communi
3230 1237 3348 1272 cum
3391 1236 3453 1272 ro

1895 1295 2233 1356 substantia.
2292 1298 2513 1353 haberet
2567 1303 2821 1368 gloriam,
2881 1321 2993 1358 sua:
3049 1320 3226 1360 tamen
3291 1313 3451 1363 etiam

1895 1388 2535 1461 sacratissimaalcarnis
2595 1391 2806 1443 beatam
2856 1395 3164 1461 passionem
3226 1399 3452 1465 gloriam

1893 1472 2068 1535 ducit,
2106 1476 2253 1528 velut
2286 1477 2476 1530 mundi
2511 1479 2681 1533 totius
2716 1482 2910 1534 salutis
2963 1499 3208 1537 causam.

1965 1604 2167 1658 Verum
2224 1607 2292 1660 ad
2337 1609 2480 1661 viam
2540 1611 2854 1674 redeamus,
2899 1630 3063 1681 quam
3117 1617 3274 1671 nobis
3333 1635 3460 1672 vera

1895 1694 2020 1748 vitae
2053 1697 2135 1748 via
2173 1697 2432 1754 Christus
2482 1705 2831 1767 monstravit,
2875 1705 3106 1760 dicens:
3141 1727 3157 1758 ι
3203 1709 3459 1777 Majorem

1897 1787 1998 1839 hac
2022 1787 2350 1843 charitatem
2377 1806 2536 1871 nemo
2568 1792 2754 1856 habet,
2779 1810 2941 1861 quam
2973 1806 3028 1848 ιιι
3051 1798 3285 1850 animam
3307 1817 3459 1854 suam

240 1877 302 1948 θῇ
335 1879 467 1947 ὑπὲρ
521 1878 627 1930 τῶν
671 1878 840 1945 φίλων
878 1879 1060 1934 αὑτοῦ.
1103 1898 1121 1930 ι
1155 1879 1308 1950 ᾜὸει
1351 1879 1461 1948 γὰρ
1502 1880 1795 1948 προϊόντος

1865 1885 2063 1951 Lponat
2115 1879 2241 1947 quis
2309 1895 2409 1948 pro
2464 1881 2660 1936 amicis
2711 1887 2828 1938 suis
2860 1893 2906 1938 ⁸.
2961 1904 2979 1935 ›
3018 1885 3253 1940 Noverat
3313 1892 3460 1961 enim

237 1971 324 2024 τοῦ
360 1969 658 2040 θαύματος,
698 1968 989 2031 Ἰουδαίους
1021 1968 1120 2037 μὶν
1142 1968 1414 2020 ἀνασείειν
1430 1968 1555 2030 τοὺς
1576 1967 1787 2036 δχλους,

236 2064 324 2117 καὶ
349 2060 597 2133 θορυὸεῑν
654 2056 967 2128 μέλλοντας,
1016 2057 1274 2125 Καϊάφαν
1304 2059 1363 2111 δδ
1389 2059 1785 2142 μανησόμενον,

235 2153 414 2208 ἑαυτὸν
446 2152 503 2205 δὲ
537 2151 626 2204 τὸν
651 2149 740 2203 διά
771 2148 1004 2218 σταυροῦ
1035 2149 1354 2218 πεισόμενον
1390 2149 1635 2202 θάνατον.
1669 2150 1790 2202 Ὀτι

226 2248 289 2300 ’δὲ
345 2248 493 2318 φίλος
542 2251 570 2301 6
621 2249 890 2318 Λάζαρος,
923 2243 984 2296 τὸ
1039 2243 1272 2312 πρᾶγμα
1298 2240 1465 2310 δηλοῖ.
1503 2260 1522 2292 ι
1571 2242 1786 2308 Ἦγάπα

232 2341 356 2408 γὰρ,
390 2342 574 2409 φησὶν,
603 2343 631 2394 6
675 2339 884 2410 Ἰησοῦς
901 2337 998 2408 τὴν
1030 2333 1261 2406 Μάρθαν
1301 2331 1396 2385 καὶ
1424 2334 1524 2402 τὴν
1556 2333 1789 2403 ἀδελφὴν

233 2431 415 2498 αὑτῆς,
443 2433 537 2483 καὶ
565 2431 654 2484 τὸν
686 2433 959 2502 Λάζαρον.
1000 2450 1018 2482 ι
1055 2428 1167 2482 Καὶ
1199 2426 1278 2490 τίς
1317 2425 1459 2479 οὕτω
1500 2427 1788 2495 μακάριος,

229 2523 305 2584 ὼς
330 2523 670 2594 ἀγαπηθῆναι
710 2525 817 2577 ὑπὸ
872 2523 1111 2594 Χριστοῦ
1170 2520 1272 2592 τῆς
1303 2519 1691 2588 adtonitum;
1727 2517 1792 2570 Τί

229 2615 321 2666 καὶ
354 2614 686 2682 θαυμαστὸν,
747 2615 797 2665 εί
851 2613 945 2665 καὶ
970 2615 1257 2688 ,γυναῖκες
1313 2607 1703 2681 ἁρῥενωθεῖσαι
1732 2609 1792 2660 τὸ

228 2703 501 2773 φρόνημα,
545 2705 697 2774 παρὰ
752 2703 848 2757 τοῦ
914 2705 1121 2768 πάντας
1163 2704 1389 2757 καλέσαι
1420 2702 1556 2774 πρὸς
1599 2701 1790 2755 ἑαυτὸν

227 2793 467 2857 ἐλθόντος
497 2795 820 2863 ἡγαπῶντος
851 2794 1111 2848 Τοσοῦτον
1139 2795 1196 2848 δὲ
1228 2795 1287 2847 τδ
1309 2795 1497 2865 περιὸν
1522 2794 1619 2864 τῆς
1653 2792 1792 2862 πρὸς

224 2884 419 2947 αὐτοὺς
449 2885 690 2956 ἀγάπης,
723 2886 797 2950 ὡς
827 2889 923 2940 καὶ
958 2887 1018 2939 τὸ
1039 2885 1224 2956 θαῦμα
1251 2885 1311 2940 τὸ
1349 2887 1429 2950 είς
1455 2885 1547 2939 τὸν
1591 2886 1792 2953 σύγγοσ

225 2993 316 3028 νον
344 2978 448 3028 τῶν
475 2977 647 3031 ἀλλων
676 2979 1010 3049 ὑπερεξᾶραι
1028 2977 1322 3048 θαυμάτων
1351 2980 1414 3048 τῇ
1453 2978 1794 3050 μεγαλοφυτᾳ

222 3064 320 3117 τοῦ
343 3065 633 3135 δράματος.
678 3085 696 3118 ι
752 3067 840 3129 Ὠς
871 3064 963 3120 οὖν
1013 3068 1247 3132 ἠκουσεν
1281 3065 1361 3120 ὅτι
1406 3066 1641 3134 ἀσθενεῖ,
1670 3068 1792 3121 τότε

226 3156 348 3225 μὲν,
384 3160 567 3228 φησὶν,
634 3158 846 3230 ἔμεινεν
900 3160 961 3212 ἐν
989 3153 1032 3227 ᾧ
1070 3155 1151 3230 ἦν
1177 3160 1344 3230 τόπῳ.
1373 3160 1465 3213 δύο
1489 3162 1725 3230 ἡμέρας.
1769 3177 1788 3211 i

222 3247 380 3310 Τίνος
410 3249 606 3314 Evam;
660 3250 886 3322 Προῄδει
914 3251 1022 3322 γάρ
1049 3251 1135 3314 ’ὡς
1184 3253 1400 3313 πάντως
1432 3249 1748 3321 τεθνήξεται
1777 3266 1791 3281 ⁶

219 3339 319 3391 καὶ
349 3339 620 3410 περιελεῖν
683 3342 850 3395 θέλων
898 3343 1005 3395 τῶν
1051 3341 1330 3413 θηρευτῶν
1379 3342 1478 3405 τὰς
1534 3341 1792 3412 ὑποψίας,

217 3430 360 3494 τέως
384 3431 480 3507 τὴν
517 3433 691 3503 ὁρμὴν
721 3433 1103 3498 ἀναϐάλλεται,
1137 3435 1204 3488 ἶν’
1251 3435 1602 3505 ἀποπνεύεας
1627 3439 1794 3506 ταφῇ,

219 3521 320 3574 παλ¹
347 3523 423 3592 μὴ
454 3524 812 3595 ἀπειροκαλία
845 3542 927 3588 τις
960 3525 1189 3596 νομισθῇ
1224 3526 1284 3579 τὸ
1325 3526 1461 3594 μετά
1490 3525 1589 3595 τὴν
1627 3527 1796 3597 ἀκοὴν

216 3612 387 3675 εὐθὺς
442 3615 683 3684 ὁρμῆσαι
738 3616 876 3685 πρὸς
927 3617 1028 3687 τὴν
1083 3615 1178 3669 τοῦ
1224 3616 1502 3697 θαύματος
1549 3617 1793 3680 ἔνδειξιν.

215 3720 241 3753 ε
290 3704 524 3759 Ἔπειτα
547 3705 685 3773 μετά
718 3705 896 3771 τοῦτο,
930 3704 1076 3774 λέγει
1115 3708 1227 3769 τοῖς
1278 3699 1581 3776 μαθηταῖςο
1619 3709 1798 3776 Ἀγω.

217 3811 324 3861 μεν
371 3796 450 3860 είς
505 3796 604 3866 τὴν
666 3797 924 3849 Ἰουδαίαν
973 3797 1155 3851 πάλιν.
1199 3817 1217 3851 ι
1251 3797 1524 3868 Εὑτολμία
1560 3799 1617 3852 δὲ
1642 3797 1798 3852 τοῦτο

213 3885 557 3957 θεοπρεπὴς,
611 3890 705 3941 καὶ
735 3887 794 3941 τὸ
849 3889 1041 3942 παθεῖν
1077 3890 1297 3943 ἑλέσθαι
1339 3891 1795 3962 προθυμουμένης

208 3979 422 4049 ψυχῆς,
449 3980 544 4033 καὶ
570 3981 706 4050 πρὸς
734 3981 907 4052 πέρας
935 3982 1090 4050 ἄγειν
1121 3981 1183 4034 τὸ
1224 3982 1324 4049 τῆς
1363 3984 1672 4054 οίκονομίας
1699 4000 1799 4053 μυ-

211 4073 462 4142 στήριον.
479 4091 494 4122 ι
510 4074 774 4140 Λέγουσιν
792 4073 939 4142 αὑτῷ
962 4075 1010 4127 οἱ
1036 4073 1276 4145 μαθηταί
1300 4089 1313 4104 ⁸
1347 4074 1656 4138 Ῥα66ὶ,νῦν
1675 4075 1800 4145 ὲξὴ-

207 4178 346 4215 τουν
367 4178 426 4215 σε
439 4163 489 4214 οί
507 4163 751 4216 Ἰουδαῖοι
783 4164 1030 4227 λιθάσαι,
1050 4165 1146 4218 καὶ
1170 4163 1331 4218 πάλιν
1361 4165 1592 4232 ὑπάγεις
1611 4166 1727 4216 ἐκεῖ
1746 4181 1792 4230 ς»

205 4255 268 4307 Μ
279 4253 605 4324 ικροψυχίας
631 4254 700 4307 τά
727 4255 968 4326 ῥήματα,
993 4257 1086 4308 καὶ
1108 4255 1311 4324 μᾶλλον
1334 4255 1581 4322 ἀγνοίας’
1608 4255 1667 4308 οὑ
1688 4255 1799 4325 γάρ

205 4346 421 4417 ᾔδεσαν
436 4348 492 4399 τὸ
511 4349 1050 4417 πραγματευόμενον,
1070 4349 1191 4401 ἐπεὶ
1209 4350 1309 4402 οὑκ
1321 4348 1386 4401 ἂν
1401 4348 1794 4418 ἐδυσχέραινον.

201 4440 317 4491 οὑκ
342 4439 412 4492 ἂν
427 4441 704 4503 τοιαύταις
735 4442 973 4512 ἐχρῶντο
1003 4445 1229 4511 φωναῖς,
1268 4442 1328 4496 τὸ
1362 4441 1557 4497 ἀναλκι
1583 4442 1676 4495 τοῦ
1705 4443 1797 4496 νοῦ

1901 1966 2017 2022 fore
2057 1977 2117 2022 ut
2147 1972 2396 2024 miraculi
2449 1989 2747 2042 progressu
2798 1975 2970 2031 Judgei
3014 1980 3234 2048 quidem
3271 1985 3461 2035 conci-

1902 2067 2077 2110 tarent
2128 2067 2183 2112 et
2236 2066 2636 2117 conturbarent
2696 2067 2930 2135 plebem,
2992 2070 3227 2138 Caiplias
3278 2082 3458 2126 autem

1900 2146 2112 2202 insania
2142 2149 2382 2204 ferretur
2416 2153 2552 2220 (l2),
2593 2162 2762 2220 utque
2810 2157 2926 2225 ipse
2964 2173 3134 2213 cruce
3165 2163 3461 2215 sustineret

1902 2247 2156 2291 mortem.
2192 2237 2386 2305 Porro,
2445 2243 2591 2311 quod
2658 2244 2902 2299 Lazarus
2933 2248 3146 2301 amicus
3177 2260 3342 2315 esset,
3375 2267 3462 2304 res

1901 2327 2081 2394 palam
2116 2329 2271 2385 facit.
2315 2351 2334 2383 ι
2375 2332 2645 2403 Diligebat
2685 2337 2856 2399 enim,
2900 2338 3101 2407 inquit,
3131 2337 3289 2395 Jesus
3321 2342 3463 2394 Mar-

1902 2416 2070 2481 tbam,
2100 2428 2432 2476 et‘sororem
2468 2425 2613 2492 ejus,
2670 2434 2723 2478 et
2760 2425 3051 2482 Lazarum.
3109 2448 3128 2481 ι
3164 2428 3300 2496 Quis
3334 2448 3463 2486 vero

1902 2522 2076 2579 usque
2124 2511 2261 2566 adeo
2324 2513 2542 2576 beatus,
2595 2523 2655 2569 tit.
2707 2531 2735 2568 a
2771 2517 2996 2571 Christo
3047 2518 3324 2591 diligatur,
3369 2526 3461 2592 qui

1903 2600 2019 2670 ipsa
2049 2612 2104 2656 et
2149 2605 2458 2661 subsistens
2508 2606 2740 2661 dilectio
2771 2610 2899 2663 est?
2953 2609 3090 2676 Quid
3135 2624 3312 2667 autem
3358 2617 3461 2667 mi-

1903 2707 2044 2759 rum,
2075 2702 2133 2748 ut
2166 2697 2422 2753 mulieres
2469 2701 2614 2753 virili
2665 2703 2947 2771 proposito
2996 2713 3049 2757 et
3080 2720 3244 2758 sensu
3297 2707 3460 2758 animi

1906 2784 1954 2836 is
1987 2784 2262 2852 diligeret,
2301 2789 2394 2856 qui
2428 2799 2658 2843 venerat
2691 2802 2749 2844 ut
2786 2793 2851 2846 ad
2895 2809 2954 2847 se
2977 2810 3171 2849 omnes
3205 2798 3465 2850 vocaret?

1903 2872 2076 2929 Tanta
2109 2892 2242 2932 vero
2273 2880 2394 2947 ejus
2425 2881 2477 2934 in
2505 2897 2604 2937 eos
2637 2883 2954 2940 dilectionis
2979 2888 3302 2941 excellentia
3340 2888 3464 2949 fuit,

1902 2977 1963 3022 ut
1989 2968 2153 3021 etiam
2183 2971 2492 3025 exhibitum
2535 2973 2590 3026 in
2637 2973 2864 3029 fratrem
2919 2977 3246 3032 miraculum
3283 2982 3466 3048 operis

1903 3059 2283 3127 magnitudine
2324 3069 2376 3114 et
2423 3066 2743 3131 praestantia
2777 3067 3009 3136 reliquis
3057 3070 3340 3124 miraculis
3371 3087 3467 3126 eu-

1903 3151 2285 3221 perextulerit.
2316 3170 2334 3203 ι
2375 3150 2444 3206 Ut
2479 3169 2613 3224 ergo
2646 3158 2857 3211 audivit
2891 3161 3017 3228 quia
3055 3161 3465 3227 inﬁrmabatur,

1821 3231 1865 3287 Cv
1900 3253 2032 3296 tunc
2054 3245 2302 3312 quidem,
2324 3243 2526 3312 inquit,
2551 3249 2752 3300 mansit
2781 3249 2834 3301 in
2865 3250 3056 3304 eodem
3091 3254 3216 3306 loco
3251 3255 3465 3311 duobus

1887 3333 2110 3392 diebus.
2161 3352 2180 3384 ι
2212 3332 2584 3398 Quamobrem
2617 3336 2868 3390 mansit?
2895 3336 3100 3407 Nempe
3135 3343 3464 3396 moriturum

1895 3425 2123 3479 omnino
2158 3427 2521 3495 praeviderat;
2577 3431 2881 3498 volensque
2932 3434 3266 3488 venantibus
3295 3447 3344 3487 et
3374 3451 3469 3489 ca-

1895 3517 2184 3584 ptantibus
2213 3520 2563 3587 suspiciones
2611 3519 2848 3585 auferre,
2897 3523 3217 3577 se-interim
3248 3526 3464 3579 cohibet

1894 3615 2278 3674 etcunctatur,
2309 3609 2526 3678 quoille
2561 3609 2817 3663 exlialato
2851 3610 3048 3677 spiritu
3083 3613 3334 3665 tradatur
3379 3629 3468 3668 se-

1895 3699 2150 3769 pttlturaa.
2216 3711 2381 3769 utque
2428 3717 2495 3756 ne
2554 3711 2752 3771 praeter
2801 3701 3067 3756 decormn
3131 3707 3469 3760 rusticiusve

1897 3792 2219 3856 haberetur,
2260 3794 2406 3862 quod
2439 3796 2503 3846 ad
2539 3795 2773 3863 primam
2808 3797 2995 3848 statim
3022 3796 3362 3850 auditionem
3402 3801 3468 3852 ad

1896 3882 2152 3938 miraculi
2210 3885 2614 3940 exhibitionem
2673 3889 3007 3956 proruisset.
3047 3907 3065 3940 ι
3103 3887 3310 3944 Deinde
3348 3901 3469 3958 post

1897 3976 2035 4043 hare,
2107 3977 2245 4032 dicit
2302 3980 2591 4050 discipulis
2639 3981 2805 4035 suis:
2867 3979 3071 4036 Eamus
3129 3981 3184 4034 in
3225 3981 3470 4035 Jtniteani

1898 4067 2120 4122 iterum.
2171 4087 2190 4120 ι
2244 4067 2438 4124 Divina
2499 4070 2614 4125 haec
2656 4071 2919 4125 audentia
2951 4082 3056 4138 est,
3091 4081 3146 4126 et.
3185 4074 3353 4126 animi
3407 4077 3472 4127 ad

1897 4163 2207 4217 obeundatn
2273 4165 2612 4234 passionem,
2670 4172 2725 4218 et
2785 4175 3192 4220 sacramentum
3278 4167 3476 4220 salutis

1899 4251 2156 4306 humana:
2201 4252 2267 4306 ad
2322 4252 2487 4307 linem
2523 4253 2908 4309 deducendum
2956 4255 3180 4309 alacris.
3217 4273 3234 4306 ι
3275 4254 3475 4308 Dicunt

1899 4343 1948 4398 ei
1994 4342 2298 4412 discipuli:
2365 4343 2563 4407 Rabbi,
2623 4360 2770 4399 nunc
2823 4347 3146 4414 quaerebant
3196 4354 3248 4400 te
3297 4343 3470 4399 Judaii

1901 4435 2168 4506 lapidare,
2209 4445 2264 4492 et.
2294 4437 2491 4491 iterum
2526 4437 2685 4491 vadis
2715 4438 2891 4492 illuc?
2929 4456 2947 4488 ι
2984 4437 3128 4491 Sunt
3161 4438 3330 4492 verba
3358 4439 3474 4492 ham

199 4531 513 4600 δηλούσαις
569 4534 678 4585 καὶ·
718 4532 1000 4604 ἄνανδρον.
1028 4533 1180 4604 ’Ἀμα
1210 4533 1265 4587 δὲ
1306 4534 1397 4587 καὶ
1421 4535 1546 4604 περί
1573 4533 1672 4605 τὴν
1703 4534 1795 4586 πί·

1865 4578 1872 4611 ,
1903 4528 2093 4597 pusilli
2126 4527 2318 4590 animi,
2350 4543 2415 4582 ac
2444 4529 2722 4599 prtecipue
2750 4529 2943 4584 nescii.
2980 4528 3098 4584 Non
3127 4533 3274 4584 enim
3306 4545 3475 4583 nove-

200 4637 336 4674 στιν
404 4621 482 4673 ἐτι
533 4621 594 4673 τὸ
644 4622 853 4690 ἀπαγὲς
905 4623 1121 4690 ἔχοντες
1153 4662 1168 4684 ,
1221 4621 1450 4684 είκότως
1501 4620 1794 4675 ἐδεδίεσαν.

200 4710 394 4764 ὀθεν
428 4709 628 4778 εὑλογα
656 4711 835 4779 λέγειν
864 4711 1083 4766 ἐδόκουν
1103 4728 1116 4742 ·
1139 4729 1158 4764 ι
1190 4711 1304 4765 Νῦν
1327 4711 1552 4780 ἐζήτουν
1580 4727 1638 4764 σε
1677 4709 1798 4764 Ἰου-

191 4805 354 4858 δαῖοι
383 4803 624 4869 λιθάσαι,
657 4806 750 4857 καὶ
778 4804 941 4858 πάλιν
972 4804 1204 4874 ὑπάγεις
1245 4806 1400 4869 sui;
1445 4803 1742 4875 Ἀπεκρίθη
1771 4806 1800 4858 6

207 4896 446 4966 Ἰησοῦς
470 4913 483 4925 ⁶
514 4898 647 4966 Οὐχὶ
678 4895 885 4950 δώδεκα
912 4891 1052 4969 ὧραί
1091 4897 1196 4951 είσι
1247 4897 1347 4967 τῆς
1381 4897 1627 4967 ὴμέρας;
1673 4897 1800 4950 Ἐάν

187 5005 294 5051 τις
320 4992 605 5060 περιπατῇ
638 4991 693 5041 εν
717 4992 782 5060 τῇ
815 4991 1001 5061 ἡμέρᾳ
1029 4990 1090 5043 οὑ
1122 4989 1478 5061 προσκόπτει,
1498 4989 1580 5042 ὅτι
1603 4989 1664 5041 τὸ
1685 4988 1800 5058 φῶς

186 5080 305 5135 τοῦ
328 5081 543 5151 κόσμου
581 5081 774 5136 τούτου
819 5082 1029 5154 βλέπει.
1073 5084 1200 5138 Ἐὰν
1233 5083 1290 5137 δέ
1315 5100 1399 5148 τις
1432 5085 1708 5153 περιπατῇ
1730 5084 1796 5154 τῇ

186 5175 378 5227 νυκτὶ
406 5174 758 5245 προσκόπτει,
798 5176 880 5230 ὅτι
925 5176 987 5241 το
1021 5175 1136 5246 φῶς
1177 5177 1277 5230 οὐκ
1313 5177 1458 5230 εστιν
1491 5163 1738 5247 ὲναὺτῷῖ
1774 5195 1793 5228 ι

277 5373 304 5393 ο
331 5355 506 5411 JOan.
541 5373 627 5421 xv,
665 5356 752 5410 1'5.

1903 4629 2030 4674 rant
2053 4619 2189 4690 quid
2218 4621 2293 4676 rei
2314 4631 2606 4690 ageretur.
2636 4619 2794 4675 llaud
2818 4622 3024 4691 quippe
3060 4622 3286 4676 moleste
3316 4623 3474 4676 tulis-

1905 4720 2058 4769 sent:
2080 4712 2510 4782 haudquaquam
2532 4713 2669 4767 tales
2695 4721 3056 4782 usurpassent
3074 4727 3256 4777 voCes,
3275 4714 3472 4779 quibus

1907 4805 2180 4860 imbellem
2210 4805 2452 4859 animum
2477 4804 2964 4874 eﬂ'etniuatumquc
2985 4805 3359 4860 ostenderent.
3395 4805 3473 4857 Ad

1909 4897 2023 4952 hazc
2053 4912 2206 4961 vero,
2244 4897 2347 4952 llde
2400 4897 2645 4951 nondum
2697 4896 2879 4960 ﬁrma,
2930 4911 3041 4952 non
3097 4896 3370 4951 immerito
3404 4900 3476 4949 ti-

1906 4997 2187 5044 muerunt.
2245 4987 2402 5044 Unde
2447 4989 2551 5044 sibi
2603 5004 2847 5058 congrue
2889 4990 3217 5044 videbantur
3248 4990 3474 5045 dicere:

1911 5099 1930 5133 ι
1967 5079 2125 5136 Nunc
2157 5080 2478 5151 quaerebant
2539 5091 2590 5135 te
2618 5080 2789 5135 Judaei
2851 5080 3134 5151 lapidare,
3182 5088 3238 5134 et
3281 5081 3475 5134 iterum

1909 5173 2069 5229 vadis
2123 5172 2297 5229 illuc?
2347 5171 2658 5244 Respondit
2711 5171 2919 5228 Iesus:
2961 5168 3154 5226 Nonne
3183 5172 3474 5227 duodecim
3541 5211 3545 5215 .

1548 5504 1938 5564 COMBEFISII
1967 5505 2200 5563 ΝΟΤᾸΣ.

271 5656 407 5728 (12)
440 5654 675 5728 Caiphas
706 5663 879 5708 autem
912 5653 1128 5728 insania
1183 5650 1431 5728 ferretur.
1465 5645 1791 5728 Μανησόμετ

176 5715 319 5783 νον.
381 5715 704 5781 Proximum
756 5733 839 5779 est
870 5723 947 5794 τῷ
990 5715 1418 5797 μαντησόμενον,
1470 5731 1586 5797 quo
1649 5715 1791 5797 haud

177 5801 382 5853 dubie
436 5808 630 5851 auctor
692 5788 931 5868 respexit
963 5788 1397 5868 z'.l‘ttitq'tte'vere
1427 5795 1485 5868 ut
1538 5788 1634 5868 ab
1673 5788 1794 5868 ipso

172 5871 294 5924 illa
376 5869 665 5940 prophetia
724 5860 890 5937 μανία
913 5872 965 5919 et
1004 5860 1156 5917 l'uror
1196 5860 1416 5932 quidem
1471 5860 1792 5928 impotentis

1901 5648 1971 5701 ab
2003 5647 2204 5701 invidia
2271 5649 2442 5702 animi
2472 5666 2486 5713 ;
2528 5648 2811 5718 prophetia
2837 5654 3084 5718 tantum,
3114 5654 3170 5699 ut
3203 5661 3232 5700 a
3267 5640 3482 5714 Spiritu

1902 5726 2119 5782 sancto,
2160 5729 2216 5773 ut
2248 5719 2364 5788 ipse
2395 5717 2642 5775 Joannes
2677 5718 2997 5775 insinuavit.
3035 5717 3249 5788 Deperit
3279 5720 3334 5770 in
3363 5730 3483 5769 vct-

1903 5791 2058 5845 sione
2091 5791 2179 5844 ille
2222 5791 2392 5860 lepos.
