4236 6440
227 348 314 410 969

1233 341 1316 402 IN
1350 343 1717 407 LAZARUM
1752 345 2400 417 QUA’I‘RIDUANUM.

3365 338 3472 408 970

281 459 375 512 Καὶ
408 455 587 511 ταῦτα
623 455 722 525 μὲν
762 453 955 517 οὕτως.
992 452 1201 525 Νεκρὸς
1230 454 1286 508 δὲ
1313 455 1414 527 ήδη
1441 453 1580 521 ὄζων
1611 457 1639 509 6
1666 453 1776 509 Δά-
1806 468 1851 523 Α
1952 456 1954 507 ξ

1806 468 1851 523 Α
1952 454 2018 509 Ει
2047 455 2162 510 haec
2190 455 2412 525 quidem
2443 454 2535 509 ita.
2564 456 2684 509 Jam
2715 460 2903 508 alitem
2933 462 3187 509 mortuus
3222 453 3465 515 Laurus

217 551 361 623 ζαρος
399 546 501 619 ἦν·
554 549 645 602 καὶ
696 546 903 615 Ἰησοῦς
934 546 1115 617 παρῆν
1151 547 1179 598 6
1208 544 1443 616 Χριστὸς
1480 546 1573 600 καὶ
1609 546 1774 610 Θεὸς.

216 643 297 697 καὶ
326 641 381 696 τὸ
409 642 509 711 ζῇν
544 638 940 709 παρεχόμενος.
999 636 1147 690 Ἔδει
1180 637 1288 707 γὰρ
1331 637 1683 708 συντριὸἦναι
1717 640 1777 691 τὸ

216 733 409 797 σκεῦος,
447 726 547 784 εἷθ’
569 728 711 783 οὓτω
736 730 993 800 παρεῖναι
1016 726 1108 781 τὸν
1137 727 1409 798 κεραμέα.
1456 727 1655 799 Ἐχρῆν
1682 726 1774 780 τὸν

210 820 339 880 οἷκον
356 824 712 897 ἐριπωθῆναι,
738 823 831 875 καὶ
853 821 1154 892 τηνικαῦτα
1180 823 1434 892 παρεῖναι
1453 819 1547 873 τὸν
1575 819 1775 872 οἰκοδό-

212 917 477 986 μον.’”Δγε
503 913 567 985 δὴ
601 909 889 987 τριγαροῦν
916 909 993 979 τῷ
1020 909 1263 980 Χριστῷ,
1286 908 1382 961 καὶ⁸
1410 906 1530 977 Θεῷ
1554 908 1648 961 καὶ
1670 908 1772 959 Λό-

207 1026 280 1079 γῳ
314 1008 548 1078 σήμερον
589 1003 683 1058 ἐπὶ
714 1002 812 1071 τὴν
841 1000 1113 1071 Βηθανίαν
1142 999 1396 1068 ἀνάγοντι
1418 1039 1433 1065 ,
1458 998 1551 1051 τὴν
1578 998 1774 1069 ἡμέτε-

208 1116 291 1169 ρον
322 1101 412 1152 καὶ
440 1100 606 1169 ἡμεῖς
653 1092 1043 1161 συνανάξωμεν
1075 1093 1253 1161 λόγον.
1300 1091 1364 1143 Τί
1399 1091 1507 1162 γάρ
1540 1107 1676 1160 φησι
1713 1088 1774 1139 τὸ

206 1189 555 1257 Εὑαγγέλιον;
591 1206 610 1239 ι
634 1185 835 1239 Ἐλθὼν
865 1182 958 1238 οὖν
987 1184 1263 1255 όΊηοούςο
1303 1201 1319 1233 ι
1350 1183 1460 1236 Ποῦ
1484 1182 1578 1234 καὶ
1609 1181 1773 1234 πόθεν

204 1282 669 1353 παραγενόμενος
722 1280 817 1343 Ei;
868 1278 1174 1348 quaviaV'
1232 1272 1293 1331 οὗ
1327 1276 1420 1330 καὶ
1461 1275 1560 1347 τὴν
1596 1269 1773 1345 όρμὴν

203 1370 428 1444 εἶχεν,ὲξ
454 1368 514 1428 οὗ
541 1371 777 1443 διέτριϐε
804 1371 972 1425 τόπου
999 1371 1174 1442 πέραν
1201 1368 1295 1422 τοῦ
1340 1368 1634 1438 Ἰορδάνου.
1663 1367 1772 1420 Καὶ

200 1462 296 1513 πού
320 1464 413 1515 οὑκ
443 1462 560 1514 ἔστι
588 1460 850 1532 Χριστός;
895 1460 929 1529 ἢ
971 1460 1055 1524 τίς
1092 1459 1444 1527 ἀπολείψεται
1483 1458 1645 1520 τόπος
1674 1458 1772 1509 αύ-

197 1554 320 1617 τούς
363 1554 523 1607 Ἀλλὰ
558 1554 699 1607 κατὰ
748 1553 809 1606 τὸ
839 1550 1180 1622 ἀνθρώπινον
1215 1550 1376 1603 τοῦτο
1419 1550 1676 1620 ληπτέον.
1710 1552 1769 1602 ού

198 1644 333 1698 κατὰ
369 1645 430 1696 τὸ
464 1645 667 1697 οεῖκόν.
720 1643 853 1705 Θεὸς
896 1642 1004 1714 γὰρ
1036 1642 1290 1713 ἀόριστόν
1324 1660 1375 1694 τι
1418 1642 1651 1711 πρᾶγμα
1680 1642 1771 1693 καὶ

193 1735 611 1805 ἁπερίδρακτον,
668 1736 981 1805 περιγραφῇ
1029 1732 1271 1803 μηδεμιᾷ
1321 1731 1766 1801 συγκλειόμενον.

1888 546 2092 603 fetebat
2124 566 2137 599 :
2166 546 2472 617 aderatque
2510 545 2694 612 Iesus,
2753 547 3008 603 Christus
3040 556 3094 603 et
3145 546 3311 612 Deus,
3368 552 3465 619 qui

1880 639 2043 693 etiam
2070 640 2235 693 vitam
2264 638 2555 708 praeberet.
2606 638 2767 695 Prius
2789 640 2934 694 enim
2962 656 3054 695 ras
3072 640 3463 696 conterendqu

1880 740 2019 795 erat,
2054 746 2117 786 ac
2149 741 2262 787 tum
2296 732 2493 803 figulus
2521 743 2727 803 praesto
2761 749 2882 789 esse
2929 733 3190 790 debebat.
3226 733 3462 804 Oporte-

1881 824 1972 877 bat
2006 831 2063 878 ut
2116 824 2312 878 domus
2342 825 2694 894 dejiceretur,
2743 841 2807 880 ac
2834 834 2948 879 tum
2977 826 3200 882 adesset
3224 827 3468 882 :ediiica-

1881 920 1986 966 tor.
2051 912 2164 985 Age
2227 915 2417 985 igitur,
2476 916 2700 970 Christo
2791 916 3127 973 ascendente
3178 919 3343 974 hodie
3406 924 3462 975 in

1881 1005 2222 1071 lietltauinm,
2256 1016 2306 1061 et
2340 1008 2441 1077 ipsi
2475 1010 2678 1078 pariter
2701 1026 3012 1065 sermonem
3067 1014 3463 1081 provehamus.

1879 1095 2017 1161 Quid
2080 1099 2227 1152 cnim
2284 1098 2451 1152 habet
2516 1098 2924 1167 Evangelium?
2985 1121 3004 1154 ι
3061 1101 3222 1158 Venit
3279 1106 3466 1177 itaque

1875 1186 2057 1243 Jesus.
2102 1209 2120 1241 ι
2155 1189 2275 1254 Quo
2333 1201 2426 1243 aut
2462 1192 2604 1245 unde
2647 1193 2976 1261 profectus?
3014 1196 3071 1250 in
3097 1196 3460 1254 Bethaniam:

1876 1295 1987 1350 quo
2016 1280 2183 1335 etiam
2226 1282 2612 1349 contendebat,
2648 1285 2717 1339 ab
2759 1302 2824 1340 eo
2859 1287 2978 1341 loco
3014 1288 3104 1343 ubi
3143 1293 3464 1348 morabatur

1876 1382 2030 1428 trans
2091 1371 2414 1429 Jordanem.
2466 1376 2535 1430 At
2592 1376 2816 1430 ubinam
2880 1380 3131 1448 gentium
3201 1381 3463 1439 Christus

1877 1464 2067 1519 abest?
2099 1466 2297 1534 quisve
2342 1466 2502 1520 locus
2537 1483 2602 1521 eo
2645 1470 2894 1525 carebit?
2932 1470 3133 1528 Verum
3163 1484 3248 1529 est
3281 1476 3334 1530 id
3367 1492 3464 1533 ac-

1875 1556 2192 1628 cipiendum
2219 1557 2372 1627 juxta
2406 1558 2458 1612 id
2486 1559 2631 1628 quod
2664 1567 2748 1615 est
2790 1562 3129 1619 humanum:
3165 1584 3272 1622 non
3302 1568 3459 1639 juxta

1874 1650 2021 1718 quod
2074 1649 2323 1702 divinum
2385 1658 2488 1703 est.
2534 1648 2678 1704 Deus
2730 1652 3006 1722 siquidem
3064 1673 3152 1712 rcs
3206 1661 3458 1729 qua-dam

1876 1747 1961 1794 est
2019 1738 2327 1804 indcilnita,
2393 1755 2562 1808 quam
2630 1756 2739 1796 non
2792 1742 3090 1813 possumus
3138 1751 3458 1821 complecti,

198 1843 217 1876 ι
267 1826 457 1879 Ἐλθών
480 1821 572 1879 οὖν
604 1827 632 1879 6
673 1825 880 1896 Ἰησοῦς
905 1864 919 1887 ,
948 1818 1105 1894 εὗρεν
1136 1823 1298 1876 αὑτὸν
1332 1823 1603 1893 τέσσαρας
1630 1821 1770 1891 ἤμεε-ο
1805 1816 1844 1871 Β

1805 1816 1844 1871 Β
1876 1840 2109 1895 quaeque
2158 1826 2308 1879 nulla
2357 1826 2652 1881 claudatur
2700 1816 3307 1903 circumscriptiones:
3357 1841 3458 1893 Ve.-

193 1935 286 1986 ρας
329 1918 428 1989 ήδη
482 1918 677 1988 ἔχοντα
709 1920 765 1972 ὲν
808 1916 887 1988 τῷ
933 1916 1218 1987 μνημείῳο
1257 1935 1273 1967 ι
1325 1915 1433 1969 Καὶ
1455 1916 1612 1968 τοῦτο
1650 1913 1768 1967 λίαν

190 2013 381 2081 σοφῶς.
409 2013 527 2066 Ἵνα
555 2011 663 2081 γὰρ
693 2009 1057 2065 διαλυθέντων
1091 2009 1292 2062 ὡσανεὶ
1317 1996 1425 2061 τῶν
1462 2006 1764 2077 στοιχείων,

186 2106 281 2158 καὶ
320 2104 824 2175 καινοπρεπεστέρα
874 2120 957 2167 τις
998 2102 1230 2174 νομισθῇ
1284 2102 1377 2155 τοῦ
1426 2100 1766 2170 θαύματοςή

184 2199 457 2264 ἐπίδειξις,
485 2198 684 2268 ἀνέσχε
720 2198 818 2263 τὴν
838 2198 1054 2270 -όρμήν,
1096 2196 1206 2249 Καὶ
1232 2195 1338 2268 γὰρ
1374 2190 1442 2265 ἦν
1473 2196 1531 2247 έν
1562 2192 1765 2247 τοσαύ-

183 2308 302 2356 ταις
327 2293 563 2364 ἡμέραις
606 2290 1095 2363 διαφθαρῆναιτδν
1144 2292 1200 2343 ὲν
1240 2291 1421 2360 σοροίς
1472 2289 1767 2358 γενόμενον

182 2386 425 2455 κάτοχον.
466 2403 485 2437 ι
521 2378 662 2454 Εὗρε
692 2385 873 2438 τοίνυν
916 2383 1079 2437 αὐτὸν
1102 2382 1379 2452 τέσσαρας
1412 2382 1627 2453 ἡμέρας
1660 2382 1761 2454 ἤδη

180 2478 368 2548 ἔχοντα
391 2480 446 2531 ὲν
466 2478 542 2549 τῷ
576 2477 850 2549 μνημείῳ.
887 2498 903 2530 ι
934 2476 1032 2531 Ἰν*
1078 2478 1107 2530 6
1133 2476 1437 2547 τριήμερος
1464 2475 1765 2544 ἀνιστάμε-

180 2589 289 2633 νος,
333 2570 630 2642 προεγείρῃ
664 2569 758 2624 τὸν
815 2570 1229 2640 τετραὴμερονο
1279 2568 1376 2621 καὶ
1422 2567 1668 2638 μάθωσιν
1714 2571 1763 2621 oi

177 2663 492 2735 ἀγνώμονες
528 2663 796 2727 Ἰουδαῖοι,
829 2662 921 2716 τὸν
952 2663 1052 2733 ἤδη
1090 2660 1341 2732 μυδῶντα
1374 2661 1641 2731 θεώμενοι
1672 2661 1763 2714 καὶ

179 2754 395 2826 ἰχώρων
450 2754 683 2825 βρύοντα
726 2754 872 2826 λόγῳ
912 2754 1006 2807 τοῦ
1054 2755 1334 2825 μνήματος
1385 2752 1760 2824 ἐξαλλόμενον.

181 2866 201 2899 ι
246 2842 411 2918 Εὗρεν
443 2847 601 2900 αὑτὸν
647 2846 923 2917 τέσσαρας
958 2846 1172 2917 ἡμέρας
1219 2846 1321 2917 ἤδη
1370 2845 1565 2916 ἔχοντα
1602 2848 1658 2898 ἐν
1685 2846 1763 2916 τῷ

176 2940 449 3010 μνημείῳ.
481 2959 499 2992 ι
534 2941 683 3011 Ὂσῳ
714 2940 820 3012 γὰρ
839 2942 936 3011 τῆς
957 2943 1132 3010 ταφῆς
1159 2944 1187 2994 ὁ
1211 2942 1406 3013 χρόνος
1432 2943 1758 3013 παρέτρεχε,

168 3035 412 3105 τοσούτῳ
436 3034 596 3088 πλέον
628 3038 661 3106 ἡ
682 3036 775 3089 τοῦ
800 3038 1038 3107 Χριστοῦ
1062 3036 1481 3105 ἐπεθαυμάζετο
1508 3038 1757 3109 δύναμις.

180 3145 198 3175 ι
240 3121 346 3177 Ἶιν
393 3127 516 3198 δὲὴ
562 3126 799 3197 Βηθανία
845 3128 1011 3195 ἐγγὺς
1058 3127 1470 3198 Ἰεροσολύμων,
1527 3130 1601 3191 ὡς
1652 3131 1759 3181 ἀπὸ

172 3220 400 3273 σταδίων
442 3222 759 3276 δεκαπέντε.
795 3242 812 3273 ι
865 3225 963 3276 Διὰ
1011 3222 1169 3275 τοῦτο
1210 3223 1449 3276 πλεῖστοι
1482 3223 1619 3293 πρὸς
1654 3241 1757 3275 πα-

174 3315 447 3387 ραμυθίαν
472 3317 697 3388 ἐξῄεσαν
714 3317 932 3388 Μαρίας
954 3318 1048 3370 καὶ
1077 3316 1329 3387 Μάρθας.
1364 3337 1380 3369 ι
1412 3317 1601 3370 Πολλοὶ
1626 3318 1754 3388 γὰρ,

169 3408 329 3476 φησὶ,
362 3408 468 3460 τῶν
516 3407 788 3461 Ἰουδαίων
832 3408 1164 3478 ἐληλύθεσαν
1220 3407 1355 3478 πρὸς
1402 3408 1634 3479 Μάρθαν
1663 3410 1757 3461 καὶ

167 3502 270 3569 τὴν
293 3500 535 3571 Μαρίαν,
574 3500 662 3553 ἶνα
705 3500 1220 3572 παραμυθήσωνται
1276 3501 1445 3563 αὑτὰς
1488 3501 1615 3571 περὶ
1660 3500 1756 3554 τοῦ

164 3589 403 3659 ἁδελφοῦ
435 3588 636 3642 αὐτῶν.
683 3608 699 3639 ι
743 3590 851 3642 Καὶ
899 3591 1143 3651 εἰκότως.
1194 3589 1396 3657 Ἐγγύς
1446 3591 1552 3660 γὰρ
1588 3589 1756 3659 οὔσης

164 3681 270 3749 τῆς
318 3681 545 3744 πόλεως,
580 3680 726 3742 εἰκὸς
772 3676 839 3751 ἦν
886 3680 1102 3743 πλείους
1137 3681 1273 3750 πρὸς
1318 3681 1488 3745 αὐτὰς
1531 3682 1753 3747 ἐξιέναι,

162 3772 315 3827 δυοῖν
346 3772 571 3841 θάτερον
598 3786 611 3801 ·
658 3772 690 3841 ἢ
734 3774 800 3842 τῇ
848 3771 977 3841 περὶ
1008 3772 1101 3824 τὸν
1151 3771 1265 3842 βίον
1305 3773 1599 3843 σεμνότητι
1638 3776 1750 3825 τοῖν

162 3865 414 3933 γυναίοιν
458 3862 866 3933 ὲφηδομένους’
920 3862 1017 3916 καὶ
1071 3864 1180 3934 γὰρ
1238 3859 1305 3935 ἦν
1337 3867 1363 3917 ό
1417 3865 1531 3934 βίος
1574 3865 1753 3917 αύτῶν

159 3957 444 4026 λαμπρὸς,
482 3955 576 4008 καὶ
625 3953 745 4007 κατ’
798 3954 998 4026 ἀρετὴν
1043 3954 1285 4025 ὲξέχων*
1334 3956 1365 4026 ἢ
1410 3955 1496 4010 διὰ
1545 3958 1605 4009 τὸ
1656 3958 1754 4027 τῆς

159 4048 349 4118 λύπης
378 4047 690 4116 ἐπαγωγὸν,
726 4048 919 4117 ὀδύνης
966 4049 1210 4118 ὑπάρχον
1235 4048 1450 4119 μεστόν.
1494 4049 1639 4122 Πλὴν
1672 4051 1754 4103 ὅτι

156 4143 224 4193 τὸ
281 4140 484 4209 πλῇθος
542 4140 650 4191 τῶν
705 4141 1134 4210 συνειλεγμένων
1177 4141 1623 4213 προσεμαρτύρει
1677 4143 1753 4211 τῷ

156 4231 430 4301 θαύματι,
482 4233 574 4282 καὶ
629 4230 727 4284 οὐκ
782 4232 1108 4304 ἀλυσιτελὴς
1359 4234 1574 4288 τούτων
1627 4255 1753 4288 συν»-

154 4323 433 4393 ἀθροιτις.

238 4435 256 4467 ι
304 4416 366 4467 'H
399 4412 492 4470 οὖν
521 4418 720 4489 Μάρθα
748 4418 823 4482 ὡς
855 4420 1092 4489 ἤκουσεν
1134 4420 1215 4473 ὅτι
1258 4420 1467 4492 Ἰησοῦς
1508 4421 1749 4491 ἔρχεται.

1786 3177 1826 3232 C

152 4506 481 4576 ὑπήντησεν
504 4508 651 4578 αύτῷ
673 4526 687 4540 ·
707 4512 740 4579 ἡ
758 4510 812 4561 δὲ
838 4510 1029 4581 Μαρία
1054 4511 1113 4562 ὲν
1136 4510 1209 4580 τῷ
1237 4511 1371 4581 οἴκῳ
1395 4512 1710 4576 ἐκαθέζετο.
1727 4532 1744 4564 ι
1781 4522 1825 4582 υ

548 4508 651 4578 ύτῷ
673 4526 687 4540 ·
707 4512 740 4579 ἡ
758 4510 812 4561 δὲ
838 4510 1029 4581 Μαρία
1054 4511 1113 4562 ὲν
1136 4510 1209 4580 τῷ
1237 4511 1371 4581 οἴκῳ
1395 4512 1744 4576 ἐκαθέζετο.»
1781 4522 1829 4582 D
1857 4502 2029 4557 currit
2090 4504 2167 4555 illi
2209 4522 2221 4557 :

150 4598 233 4650 Ού
268 4600 383 4668 γὰρ
422 4598 563 4667 ἔγνω
601 4601 796 4671 Μαρία,
836 4602 917 4653 ὅτι
950 4601 1163 4673 Ἰησοῦς
1218 4604 1375 4674 ⁴ἣκει·
1440 4604 1503 4656 ού
1535 4605 1641 4675 γὰρ
1684 4606 1748 4658 ἂν

147 4690 423 4759 ἐπέμεινε
461 4691 684 4759 γνοῦσα.
747 4694 857 4747 Καὶ
904 4694 1143 4762 γνοῦσαν
1181 4695 1255 4757 δὲ,
1292 4694 1440 4760 εἰκὸς
1480 4692 1548 4766 ἦν
1579 4698 1750 4767 αὐτὴν

145 4783 223 4836 δι’
258 4783 559 4836 εὐλάϐειαν
579 4785 717 4838 οἶκοι
740 4786 1037 4857 καθῆσθαι,
1066 4787 1161 4849 τὰς
1186 4788 1293 4840 τῶν
1324 4791 1747 4859 παρατυχόντων

145 4878 469 4948 δεχομένην
494 4878 875 4948 ψυχαγωγίας.
896 4880 1221 4952 Θερμοτέρα
1251 4882 1305 4935 δέ
1336 4900 1451 4945 πως
1484 4886 1516 4955 ἡ
1546 4885 1747 4952 Μᾶρθα

147 4970 253 5021 καὶ
288 4970 663 5041 ἁπλουστέρα,
700 4971 759 5023 τὸ
791 4972 912 5035 ἔθος
951 4973 1356 5027 ἀνεπίπλαστον
1392 4974 1593 5044 ἔχουσα
1621 4994 1633 5004 ·
1668 4977 1747 5030 διὸ

141 5064 251 5114 καὶ
295 5080 315 5112 ι
342 5063 773 5133 Προῦπήντησεν
806 5064 975 5135 αύτῷ,
1012 5065 1098 5118 ἵνα
1129 5067 1222 5119 καὶ
1247 5065 1346 5129 τῆς
1372 5068 1561 5130 οὐσίας
1596 5068 1743 5139 δείξῃ

135 5154 207 5205 τὸ
237 5152 502 5221 μέγεθος,
531 5154 623 5206 καὶ
669 5153 761 5208 τοῦ
811 5156 965 5224 φίλου
998 5158 1417 5231 προαπαγγείλῃ
1458 5159 1546 5212 τὸν
1580 5160 1745 5214 θάνα-

133 5263 271 5299 τον.
337 5242 428 5305 Ὠς
474 5246 758 5312 ἀγνοοῦντι
809 5249 864 5301 δὲ
918 5249 1079 5319 δῆθεν
1132 5251 1504 5319 ἀπήγγειλεν·
1568 5255 1616 5305 εἰ
1652 5254 1745 5307 καὶ

126 5337 435 5406 ὡμολόγει
480 5337 703 5392 δυνατθιν
756 5336 895 5406 εἶναι
952 5343 1012 5394 τ’)
1051 5340 1126 5411 μὴ
1174 5342 1429 5396 τεθνᾶναι
1493 5345 1744 5415 Λάζαρον

126 5430 437 5497 παρόντος
468 5431 656 5485 αὑτοῦ.
710 5451 727 5483 ι
766 5434 827 5487 ΕΞ
876 5430 943 5506 ἦς
992 5436 1100 5506 γὰρ
1148 5428 1273 5499 ὧδε,
1325 5440 1509 5508 φησὶν,
1544 5440 1643 5491 οὐκ
1680 5440 1745 5493 ἂν

118 5520 439 5575 ἀπέθανεν
471 5524 497 5574 6
533 5523 764 5592 ἁδελφός
806 5544 930 5596 μου.
968 5528 1077 5580 Καὶ
1102 5529 1197 5580 νῦν
1234 5523 1388 5591 οἶδα,
1437 5530 1517 5583 ὅτι
1554 5533 1650 5582 ὅσα
1680 5530 1744 5584 ἂν

117 5613 359 5682 αἰτήσῃ
390 5614 481 5665 τὸν
510 5614 663 5679 θεὸν,
694 5616 855 5670 δώσει
907 5635 989 5671 σοι
1021 5620 1048 5670 6
1082 5619 1235 5682 Θεός.
1270 5640 1287 5670 ι
1334 5616 1488 5682 Εἶδες
1524 5622 1741 5683 πίστινς

112 5701 297 5765 εἶδες
330 5703 655 5758 ἀδίστακτον
682 5707 911 5780 γνώμην
936 5728 948 5771 ;
987 5712 1119 5763 Δυσὶ
1145 5712 1372 5781 τρόποις
1414 5713 1549 5765 Θεὸν
1578 5713 1741 5766 αὑτὸν

110 5810 235 5848 και
293 5793 566 5863 ζιυογόνον
620 5800 986 5871 παρίστησιν·
1035 5804 1083 5854 εἰ
1135 5804 1226 5857 καὶ
1276 5805 1574 5874 agitus-.1!
1626 5825 1741 5870 πως

491 5888 532 5949 Ρ
548 5909 754 5953 ιτιιοι..
800 5895 914 5954 Gn.
962 5897 1135 5958 XCV!
1152 5900 1194 5962 [ο

1873 1917 1954 1970 nit
1990 1917 2174 1984 itaque
2207 1914 2371 1970 Jesus
2399 1934 2409 1969 :
2439 1925 2493 1970 et
2525 1919 2734 1974 invenit
2761 1936 2885 1976 eum
2922 1933 3165 1995 quatuor
3198 1912 3317 1984 dies
3344 1932 3457 2001 jam

1873 2006 1926 2059 in
1975 2012 2336 2060 monumento
2397 2006 2710 2062 habentem.
2746 2027 2764 2060 ο
2812 2010 2877 2063 Et
2913 2012 3012 2066 hoc
3061 2018 3301 2084 sapienti
3360 2021 3459 2072 ad-

1870 2096 2095 2151 modum
2125 2097 2380 2151 consilio.
2422 2096 2658 2153 L‘tenim
2691 2100 2840 2155 velut
2869 2102 2980 2170 jam
3014 2105 3304 2162 dissolutis
3353 2111 3458 2163 elc-

1870 2191 2093 2253 mentis,
2145 2191 2477 2246 insolentior
2526 2187 2824 2248 haberetur
2871 2198 3124 2252 miraculi
3158 2200 3452 2267 exhibitio,

1870 2283 2268 2353 profectionem
2327 2285 2583 2340 tardavit.
2653 2287 2869 2341 Etenim
2937 2298 3161 2359 poterat
3224 2310 3454 2364 compu-

1871 2378 2071 2431 truissc
2114 2386 2265 2431 tanto
2295 2378 2507 2432 diermn
2565 2380 2767 2447 spatio,
2822 2382 2912 2449 qui
2958 2382 3100 2437 inter
3120 2385 3450 2442 cadaverqu

1868 2470 2116 2523 cnnntlns
2144 2470 2400 2524 detentus
2419 2468 2596 2523 fuerat
2624 2471 2675 2523 in
2699 2473 3028 2528 conditorio.
3056 2474 3299 2532 «Invenit
3320 2495 3453 2551 ergo

1867 2574 2104 2631 quatuor
2124 2563 2233 2633 jam
2255 2562 2374 2619 dies
2409 2563 2833 2619 habentemeum
2858 2566 2911 2620 in
2941 2584 3348 2627 monumento.»
3381 2575 3452 2632 Ut

1868 2656 2124 2709 nimirum
2160 2656 2255 2726 qui
2309 2655 2606 2711 triduauus
2638 2668 2784 2711 esset
2816 2672 3267 2731 resurrecturus,
3318 2676 3448 2723 ante

1864 2749 2160 2802 suscitaret
2192 2748 2620 2816 quatriduanum
2662 2765 2674 2801 :
2711 2761 3045 2823 nossentque
3100 2758 3321 2813 scelesti
3347 2757 3446 2814 Ju-

1864 2839 1989 2905 daei,
2018 2840 2109 2910 qui
2132 2841 2246 2908 jam
2277 2842 2408 2894 tnbu
2437 2840 2765 2897 defluentem
2790 2852 2842 2897 ct
2868 2848 3023 2901 sanie
3053 2851 3444 2907 scaturientem

1866 2933 2033 2987 \‘erbo
2063 2933 2307 2988 riderent
2353 2935 2579 2990 exsilire
2610 2936 2678 2990 de
2733 2947 3113 2994 monumento.
3161 2960 3181 2996 ι
3228 2942 3443 3001 Invenit

1862 3041 1985 3078 eum
2017 3024 2126 3094 jam
2154 3035 2394 3096 quatuor
2419 3027 2539 3083 dies
2592 3028 2884 3084 habentem
2919 3032 2971 3085 in
2997 3047 3374 3094 monumento.
3418 3060 3436 3091 ι

1864 3115 1984 3182 Quo
2010 3118 2157 3171 enim
2200 3127 2415 3188 tempus
2446 3121 2747 3189 sepultura:
2788 3124 3115 3191 productius
3148 3126 3346 3193 fuerat,
3376 3148 3443 3186 eo

1867 3209 2037 3263 virtus
2100 3208 2307 3263 Chris:i
2368 3211 2630 3280 majorem
2702 3213 3128 3272 admirationem
3181 3219 3437 3278 habebat.

1867 3316 1885 3349 ι
1923 3299 2050 3353 Erat
2086 3310 2263 3355 autem
2300 3300 2563 3357 Bethania
2596 3302 2751 3370 juxta
2802 3303 3222 3380 Jerosolymam,
3279 3310 3438 3383 quasi

1860 3392 2054 3447 stadiis
2082 3392 2418 3461 quindecim.
2452 3412 2476 3455 ι,
2532 3394 2743 3452 Idcirco
2786 3400 2974 3468 plures
3034 3408 3091 3454 ut
3126 3401 3350 3458 Mariam
3386 3419 3440 3461 ct

1860 3483 2123 3537 Martham
2163 3486 2589 3541 c0nsolarentur
2624 3492 2890 3546 exierant.
2923 3513 2940 3544 ι
2970 3492 3119 3550 Multi
3165 3498 3334 3563 enim,
3361 3502 3440 3554 iu-

1859 3579 1995 3646 quit,
2027 3594 2089 3631 ex
2120 3577 2348 3646 Judais,
2378 3594 2645 3635 venerant
2679 3583 2745 3636 ad
2784 3582 3049 3641 Martham
3082 3599 3138 3643 et
3187 3589 3435 3655 Mariam.

1860 3683 1917 3725 ut
1942 3674 2363 3727 consolarentur
2388 3689 2508 3749 .eas
2546 3674 2615 3730 de
2649 3675 2820 3731 fratre
2876 3694 2998 3733 suo.
3038 3698 3057 3732 ο
3124 3678 3179 3737 Id
3214 3686 3436 3753 quidem

1860 3768 2073 3819 merito.
2105 3763 2237 3817 Nam
2300 3780 2425 3819 cum
2455 3767 2653 3823 civitas
2689 3784 2859 3839 prope
2890 3778 3063 3836 esset,
3102 3789 3202 3843 par
3226 3789 3346 3832 erat
3380 3792 3440 3834 ut

1858 3857 1923 3909 ad
1954 3872 2047 3911 eas
2077 3860 2263 3928 plures
2319 3859 2556 3921 exirent,
2622 3860 2892 3917 alterutro
2939 3879 3004 3917 ex
3054 3864 3138 3920 his
3161 3867 3268 3925 fine
3302 3888 3315 3923 :
3343 3882 3439 3925 aut

1859 3951 1983 4017 quin
2023 3950 2253 4004 honesta
2330 3953 2623 4021 utriusque
2690 3953 2908 4009 femina:
2966 3958 3439 4019 \‘itadelectarcn-

1858 4050 1986 4106 tur;
2015 4050 2131 4095 erat
2188 4043 2334 4094 enim
2384 4043 2475 4097 illa
2528 4045 2703 4107 clara,
2748 4054 2798 4100 et
2829 4048 3033 4104 virtute
3078 4055 3434 4123 praecellens;

1858 4132 1938 4185 vel
1982 4134 2449 4201 proptertristem
2519 4151 2708 4190 casum
2761 4140 3095 4211 plenumque
3118 4143 3329 4201 dolore.
3355 4151 3434 4207 Ad

1856 4225 1996 4279 hoc:
2026 4225 2255 4281 collecta
2287 4227 2580 4282 multitudo
2603 4233 2972 4288 attestabatur
3024 4236 3312 4306 miraculo,
3336 4258 3437 4299 nee

1856 4326 2043 4373 tantus
2087 4330 2391 4374 conventus
2422 4319 2624 4375 frustra
2651 4332 2788 4378 erat.

1933 4428 1950 4459 σ
1996 4411 2206 4464 Martha
2238 4428 2388 4482 ergo,
2428 4423 2484 4467 ut
2514 4415 2723 4469 audivit
2778 4419 2911 4487 quia
2939 4419 3101 4478 Jesus
3137 4427 3305 4491 venit,
3336 4442 3436 4495 oc-

2266 4503 2432 4558 Maria
2477 4516 2660 4561 autem
2716 4508 2861 4564 domi
2922 4514 3169 4569 sedebat.
3237 4537 3254 4568 ι
3310 4518 3431 4575 Νοιι

1855 4593 2000 4648 enim
2052 4592 2220 4648 Maria
2262 4597 2502 4652 scirerat
2534 4598 2837 4656 adventum
2882 4602 3012 4660 Jesu
3045 4625 3057 4661 :
3096 4624 3197 4665 nec
3239 4614 3435 4683 utique

1855 4687 2172 4753 mansisset,
2227 4704 2293 4743 eo
2336 4691 2582 4760 cognito.
2638 4691 2770 4747 Erat
2823 4713 2954 4754 vero
3006 4716 3336 4773 congruum,
3374 4716 3434 4762 ut

1854 4782 2177 4834 reverentiae
2231 4796 2424 4845 causa,
2459 4784 2628 4836 etiam
2680 4788 2902 4858 cognito
2946 4791 3065 4855 illo,
3126 4793 3431 4851 adventam-

1855 4875 1990 4928 tium
2025 4874 2388 4931 salutationes
2455 4878 2730 4949 \erbaque
2776 4884 3177 4943 consolationis
3208 4907 3431 4962 susciep-

1853 4974 1976 5019 tum
2012 4968 2156 5021 domi
2194 4968 2432 5026 sederet.
2489 4968 2699 5025 Martha
2746 4983 2928 5029 autem
2974 4980 3121 5034 velut
3162 4983 3432 5041 calentior

1851 5067 1969 5111 erat
2018 5072 2082 5112 ac
2144 5058 2483 5129 simplicior,
2555 5064 2809 5135 nihilque
2870 5069 3079 5127 fucatis
3137 5078 3428 5146 moribus,

1851 5150 2086 5219 ideoque
2123 5169 2141 5201 ι
2183 5154 2437 5208 Occurrit
2469 5156 2544 5210 iili
2576 5175 2589 5210 :
2621 5176 2639 5210 ι
2674 5166 2731 5211 ιιι
2770 5172 2823 5215 et
2879 5163 3211 5223 substantia:
3240 5181 3427 5228 osteno

1850 5251 1991 5298 taret
2022 5246 2480 5315 magnitudinem,
2529 5257 2582 5304 et
2620 5261 2852 5306 mortem
2908 5259 3069 5313 amici
3122 5269 3424 5322 annuntia-

1849 5349 1954 5393 ret.
2018 5340 2399 5395 Annuntiabat
2446 5344 2655 5414 utique,
2721 5348 2871 5402 velut
2914 5351 2960 5403 ei
3017 5354 3109 5420 qui
3165 5359 3423 5423 nesciret,

1849 5446 2164 5502 quanquam
2207 5431 2482 5487 fatebatur
2517 5440 2764 5503 potuisse
2800 5458 2907 5495 ttOu
2960 5446 3095 5497 mori
3129 5444 3422 5515 Lazarum,

1846 5540 1911 5577 eo
1946 5534 2234 5594 praesente.
2275 5544 2292 5576 ι
2336 5525 2392 5581 Si
2426 5530 2594 5593 enim,
2634 5532 2840 5601 inquit,
2875 5534 3079 5593 fuisses
3111 5539 3224 5603 hic,
3255 5540 3425 5598 frater

1848 5635 2003 5672 meus
2034 5635 2140 5672 non
2170 5619 2365 5675 fuisset
2393 5632 2661 5679 mortuus.
2692 5626 2795 5683 Sed
2832 5638 2887 5682 et
2927 5646 3070 5685 nunc
3111 5633 3247 5695 scio,
3293 5638 3423 5701 quia

1847 5729 2190 5782 quaecunque
2230 5719 2547 5784 puposceris
2584 5734 2610 5770 a
2651 5718 2795 5781 Deo,
2840 5723 2996 5776 dabit
3045 5723 3141 5777 tibi
3185 5722 3345 5782 Deus.
3395 5747 3417 5779 ι

1849 5804 2087 5861 Vidistin
2131 5806 2291 5863 Iidem
2313 5805 2610 5864 ?\'idistin'
2634 5812 2880 5869 animum
2898 5830 3003 5867 non
3030 5815 3376 5873 haesitantem
3398 5813 3422 5871 ἲ

2910 5905 2976 5966 3i
