4236 6440
221 467 329 532 977

223 582 385 638 Φιλού
394 596 553 653 μενος

220 677 350 738 τοὺς
376 675 473 745 ἐμὲ
511 672 824 742 φιλοῦντας,
852 666 1072 737 ἀγαπῶ.
1106 685 1124 718 ι
1159 696 1229 707 -
1256 685 1273 717 ι
1308 664 1416 718 Ἴδε
1460 661 1578 723 πῶς
1625 658 1800 726 ἐφίλει

223 766 409 821 αὑτόν.
444 784 461 817 ι
494 766 648 817 Ἔστι
681 780 798 825 πως
829 762 925 815 καὶ
955 759 1352 830 θαυμαζόντων
1379 758 1406 809 6
1440 755 1621 822 λόγος,
1663 749 1802 804 άλλά

223 860 320 912 καὶ
352 857 786 929 βασκαινόντων·
822 853 899 917 ὥς
930 869 1084 914 τινας
1118 851 1331 919 λέγειν·
1364 865 1383 899 ι
1421 847 1539 899 Οὑκ
1569 843 1800 913 ἠδύνατο

220 940 379 1007 οὗτος
406 947 434 998 6
452 943 672 1009 ἀνοίξας
692 944 816 1006 τοὺς
849 941 1165 1011 ὀφθαλμοὺς
1190 939 1284 992 τοῦ
1317 936 1543 1006 τυφλοῦ,
1573 933 1800 1003 ποιῆσαι

221 1038 315 1090 ἴνα
356 1035 430 1107 μὴ
470 1036 565 1089 καὶ
610 1027 767 1097 οὗτος
822 1032 1105 1103 άποθάνῃ;
1139 1050 1158 1083 ι
1192 1031 1304 1085 Καὶ
1352 1031 1401 1082 εί
1449 1027 1631 1099 ἤνοιξε
1671 1026 1799 1088 τοὺς

218 1130 537 1200 ὀφθαλμοὺς
573 1128 668 1182 τοῦ
696 1125 921 1197 τυφλοῦ,
945 1125 996 1179 τί
1032 1142 1162 1178 ποτε
1204 1122 1353 1193 αὑτῷ
1386 1118 1799 1180 διαπιστοῦντες

218 1222 345 1274 τότε
396 1220 740 1291 βλασφήμοις
805 1216 985 1283 λόγοις
1045 1214 1330 1278 meum;
1375 1211 1442 1265 Τί
1507 1209 1801 1270 τοσαύταις

218 1313 470 1384 ὲνεὶρατε
522 1311 615 1366 τὸν
655 1306 714 1364 εὖ
753 1310 996 1364 παθόντα
1025 1308 1274 1372 πλοκαῖς,
1324 1307 1628 1378 κρίνοντες,
1669 1304 1799 1357 ἀνα-

219 1406 523 1474 κρίνοντες,
546 1403 631 1466 τίς
654 1404 749 1455 καὶ
776 1402 961 1466 πόθεν,
995 1400 1091 1454 καὶ
1135 1398 1404 1463 ποταπὸς,
1431 1400 1527 1451 καὶ
1548 1396 1601 1448 τί
1642 1395 1796 1464 ποιή-

219 1511 322 1556 σας
358 1491 561 1563 ἀνέῳξέ
599 1509 695 1545 σου
724 1492 851 1554 τοὺς
890 1487 1237 1559 όφθαλμούςς
1286 1487 1426 1549 τέως
1460 1485 1558 1556 μὲν
1604 1483 1797 1554 ὁμολο-

216 1588 369 1654 γεῖτε
389 1585 506 1649 νῦν,
543 1586 589 1638 εἰ
625 1585 718 1639 καὶ
740 1583 985 1648 ἄκοντες,
1012 1581 1294 1652 ἀνεῳγότα
1320 1578 1447 1640 τοὺς
1477 1575 1795 1647 ὀφθαλμοὺς

214 1676 314 1731 τοῦ
353 1678 579 1747 τυφλοῦ.
616 1678 748 1730 Δέον
776 1677 869 1730 ἀπ’
900 1674 1113 1728 ἐκείνου
1144 1675 1239 1728 καὶ
1266 1672 1424 1727 τοῦτο
1457 1668 1792 1742 θαυμάζειν·

217 1773 380 1841 ὑμεῖς
430 1772 487 1824 δὲ
533 1772 756 1824 κάκεῖνο
789 1770 884 1823 καὶ
918 1767 1077 1822 τοῦτο
1120 1765 1400 1831 κακίζετε.
1451 1764 1653 1835 Ἔργον
1681 1762 1791 1832 γὰρ

214 1866 378 1919 τοῦτο
408 1866 706 1936 Ἰουδαϊκῆς
759 1864 1157 1937 προαιρέσεως.
1204 1860 1341 1914 Πότε
1381 1857 1491 1928 γάρ
1541 1858 1598 1911 οὑ
1648 1871 1789 1925 παρ-

213 1957 494 2027 ωργίσατε
547 1955 809 2027 Χριστόνς
862 1955 992 2008 πότε
1039 1953 1138 2007 οὑκ
1183 1951 1522 2023 ἠπειθήσατε
1565 1945 1791 2002 τοιαῦτα

216 2053 313 2105 καὶ
340 2049 577 2105 τοσαῦτα
607 2048 930 2119 τεθεαμένοι
965 2047 1262 2119 reparcis;

297 2270 315 2304 ι
362 2252 419 2305 '0
457 2250 665 2323 Ἰησοῦς
701 2246 795 2305 οὖν
844 2249 1006 2305 πάλιν
1053 2248 1541 2321 ἐμϐριμησάμενος
1572 2247 1792 2318 ἔρχεται

214 2346 298 2407 εἰς
327 2345 387 2397 τὸ
423 2348 693 2416 μνημεῖον
715 2361 727 2373 ”
776 2340 844 2416 ἦν
889 2344 946 2397 δὲ
980 2344 1276 2414 σπήλαιονο
1313 2361 1330 2395 ι
1386 2341 1637 2410 σκοτεινὴ
1685 2339 1793 2393 τῶν

227 2439 502 2493 Ἰουδαίων
548 2438 779 2511 καρδίαο
830 2459 848 2490 ι
891 2439 1002 2493 Καὶ
1032 2437 1178 2501 λίθος
1233 2436 1486 2491 ἐπέκειτο
1532 2435 1736 2489 ὲπάνω.
1768 2453 1786 2485 ι

218 2531 330 2600 Τῆς
366 2531 625 2595 ἀπιστίας
655 2531 714 2584 τὺ
766 2530 1002 2600 σκληρὸν
1038 2529 1132 2584 καὶ
1170 2528 1481 2583 ἀντίτυπον.
1520 2544 1537 2577 ι
1566 2525 1730 2593 Λέγει
1767 2526 1796 2577 6

232 2620 467 2691 Ἰησοῦς·
507 2622 714 2692 ’Δρατε
746 2621 837 2674 τὸν
868 2621 1033 2675 λίθον.
1065 2640 1083 2671 ι
1125 2620 1230 2673 Τὸν
1274 2618 1445 2689 βαρὺν
1494 2617 1589 2683 τῆς
1637 2616 1796 2669 ἀπει-

218 2711 372 2774 θείας
397 2713 765 2768 ἀποκυλίσατε
792 2713 962 2779 λίθον,
989 2713 1077 2766 ἵνα
1099 2713 1157 2765 τὸ
1180 2711 1503 2781 θνησιμαῖον
1531 2708 1796 2777 ἀναγάγω

215 2803 315 2857 τοῦ
349 2807 697 2876 γράμματος.
727 2824 747 2863 ι
778 2808 983 2877 ’Ἄρατε
1039 2806 1131 2859 τὸν
1169 2805 1350 2858 λίθου’
1392 2823 1409 2855 ι
1454 2803 1545 2857 τὸν
1596 2801 1798 2854 δυσϐά-

222 2914 454 2951 στακτον
487 2899 579 2952 τοῦ
614 2899 781 2970 νόμου
806 2899 993 2968 ζυγὸν,
1018 2898 1106 2953 ἵνα
1137 2899 1225 2951 τὸν
1260 2898 1523 2963 ζωοποιδν
1561 2896 1661 2967 τῆς
1700 2895 1795 2965 χά-

221 3007 377 3058 ριτος
422 2992 732 3064 ἀναλάϐητε
768 2993 944 3062 λόγον.
983 3012 1000 3045 ι
1045 2996 1247 3064 Ἄρατε
1294 2994 1384 3047 τὸν
1434 2992 1612 3045 λίθονο
1650 3010 1668 3043 ι
1706 2990 1797 3043 τὸν

217 3082 296 3146 ὼς
333 3084 595 3155 κάλυμμα
621 3088 871 3157 κείμενον
903 3089 998 3141 καὶ
1023 3087 1297 3158 βαροῦντα
1327 3087 1419 3140 τὸν
1458 3087 1603 3140 νοῦν.
1652 3086 1797 3137 Ἐδο-

220 3178 402 3247 νάμην
434 3179 594 3243 αὐτὸς
619 3179 731 3246 ἐγὼ
754 3181 844 3233 τὸν
870 3179 1016 3233 λίθον
1048 3181 1403 3244 ἀποκυλίσαι,
1434 3180 1549 3233 ἀλλ’
1577 3179 1665 3231 ἵνα
1702 3181 1796 3230 καὶ

1294 458 1379 520 ΙΝ
1418 450 1778 518 LAZARUM
1815 438 2462 518 QUATRIDUANUM.

582 577 779 647 ἐφίλει,
812 575 909 630 καὶ
946 573 1197 637 εἰκότως.
1240 590 1259 624 ι
1289 568 1437 639 Ἐγὼ
1475 567 1604 637 γὰρ,
1647 563 1801 634 φησι,
1833 567 1877 623 Α
1908 553 2184 647 quomodo
2216 567 2255 647 ai

1833 567 1877 623 Α
1908 553 2184 625 quomodo
2216 549 2434 606 amabat
2470 543 2640 602 cum!
2682 560 2701 594 ι
2740 538 2847 609 Qui
2888 535 3201 600 amabatur,
3249 532 3489 586 amabat.

3388 416 3498 482 978

1909 624 2079 700 Plane
2131 641 2361 698 merito:
2410 657 2428 690 ι
2469 634 2581 705 Ego
2613 633 2787 699 enim,
2826 629 3031 700 inquit,
3075 624 3373 696 diligentes
3411 637 3498 677 me

1909 736 2078 807 diligo
2096 744 2178 789 ι.»
2203 762 2272 773 -
2289 751 2307 785 ι
2329 731 2472 786 Ecce
2500 725 2781 799 quomodo
2808 722 3035 778 amabat
3048 716 3208 775 eumi
3236 712 3500 770 cVidetur

1903 839 1959 886 et
1994 805 2386 884 admirantium
2420 833 2604 879 sermo
2625 858 2643 885 ,
2677 817 2774 874 sed
2838 822 2892 871 et
2926 805 3242 867 in'vidorum
3282 826 3295 864 :
3332 806 3409 862 ita
3436 814 3498 861 ut

1905 922 2073 993 aliqui
2094 922 2377 978 dicerent:
2406 914 2553 971 «Non
2574 919 2791 984 poterat
2812 909 2923 975 hic,
2944 906 3039 978 qui
3062 903 3279 976 aperuit
3295 900 3496 958 oculos

1903 992 2059 1081 caeci,
2090 1014 2275 1070 facere
2301 1021 2361 1067 ut
2384 1011 2475 1065 hic
2506 1023 2617 1063 non
2658 1000 3007 1060 moreretur?
3038 1018 3058 1051 ι
3088 997 3255 1067 Atqui
3287 995 3335 1051 si
3361 992 3494 1049 caeci

1904 1107 2122 1178 aperuit
2148 1104 2367 1166 oculos,
2406 1114 2509 1156 cur
2540 1112 2673 1155 tunc
2707 1096 2755 1151 ei
2791 1101 2987 1163 negata
3026 1089 3128 1145 fide
3154 1082 3496 1158 blasphemis

1901 1215 2029 1257 eum
2064 1196 2366 1267 impetistis
2405 1186 2797 1249 sermonibus?
2826 1184 2937 1242 Cur
2972 1198 3097 1240 eum
3134 1180 3227 1253 qui
3268 1192 3496 1248 accepe-

1901 1300 1989 1347 rat
2027 1288 2362 1346 henellcium
2399 1294 2509 1342 tam
2547 1283 2738 1339 multis
2776 1276 3097 1337 inseruistis
3126 1272 3493 1345 quaestionum

1900 1382 2159 1442 nexibus.
2193 1381 2363 1438 semel
2384 1388 2440 1435 et
2456 1380 2657 1434 iterum
2678 1375 3001 1447 judicantes
3031 1377 3085 1425 et
3111 1365 3490 1438 exquirentes,

1899 1478 2050 1549 quis,
2083 1486 2135 1530 et
2169 1475 2346 1545 cujas,
2383 1481 2438 1529 et
2478 1470 2658 1543 qualis
2683 1511 2697 1536 ,
2737 1476 2796 1524 et
2834 1464 2971 1538 quid
3022 1461 3231 1541 faciens
3275 1456 3493 1529 aperuit

1899 1568 1996 1623 tibi
2081 1567 2317 1624 oculos?
2372 1563 2530 1620 Nunc
2599 1561 2844 1623 interim,
2891 1569 3227 1635 quanquam,
3287 1550 3489 1612 inviti.

1898 1660 2199 1730 agnoscitis
2246 1658 2533 1729 aperuisse
2583 1655 2778 1710 oculos
2825 1651 2983 1708 caeci.
3030 1648 3301 1703 Caeterum
3362 1658 3481 1697 cum

1900 1753 2034 1809 illud
2061 1752 2390 1809 miraculum
2422 1750 2552 1805 huic
2581 1748 2807 1804 deberet
2834 1740 3264 1799 admirationem
3293 1732 3488 1791 conci-

1900 1846 2055 1911 liare,
2092 1858 2191 1899 vos
2229 1841 2414 1914 potius
2466 1847 2766 1908 utrumque
2812 1830 3167 1901 vituperatis.
3214 1827 3335 1881 Hoc
3388 1822 3489 1879 Ju-

1826 1929 1865 1985 Β
1894 1938 2089 1994 daicus
2136 1937 2356 1991 animus
2408 1932 2574 1988 habet
2617 1930 2827 2002 Operis.
2875 1926 3107 1993 Quando
3165 1920 3311 1978 enim
3371 1932 3483 1971 non

1894 2030 2265 2087 exacerbastis
2304 2026 2619 2084 Christum?
2651 2022 2872 2096 quando
2904 2030 2984 2074 tot
3021 2017 3296 2085 tantisque
3329 2012 3466 2066 visis

1896 2122 2164 2194 prodigiis
2188 2136 2295 2177 non
2334 2121 2765 2189 inobsequentes
2788 2111 3009 2169 fuistis?

1971 2254 1989 2287 ι
2030 2232 2194 2291 Iesus
2227 2250 2362 2304 ergo
2395 2246 2615 2287 rursum
2651 2230 2911 2291 fremens,
2971 2222 3120 2279 venit
3171 2219 3239 2275 ad
3285 2231 3486 2273 monu~

1896 2335 2161 2382 mentum.
2203 2326 2335 2380 Erat
2364 2333 2547 2380 autem
2576 2324 2837 2395 spelunca
2864 2339 2878 2374 :
2913 2337 2931 2370 ι
2965 2329 3164 2385 nempe
3196 2327 3297 2367 cor
3327 2316 3488 2365 tene-

1896 2419 2176 2474 bricosum
2218 2416 2544 2472 Judazorum
2578 2435 2591 2468 :
2625 2434 2642 2467 ι
2682 2413 2747 2467 Ει
2778 2410 2919 2482 lapis
2955 2404 3339 2478 superpositus
3366 2409 3486 2457 erat

1896 2512 1971 2567 ei.
2002 2531 2019 2563 ι
2051 2510 2399 2567 infidelitatis
2423 2509 2656 2564 durities
2681 2514 2736 2565 et
2753 2502 3092 2563 resistentia.
3120 2519 3139 2551 ι
3170 2494 3481 2553 Aitlesus:

1899 2602 2096 2658 Tollite
2129 2601 2389 2673 lapidem.
2431 2620 2453 2652 ν
2499 2599 2784 2656 Revolvite
2834 2608 3059 2666 gravem
3095 2584 3484 2644 inobedientia:

1898 2695 2160 2766 lapidem,
2195 2702 2256 2748 ut
2289 2695 2436 2765 quod
2468 2695 2649 2748 littera
2670 2690 2833 2744 habet
2850 2686 3051 2743 lethale
3074 2680 3396 2743 subveham,
3420 2692 3484 2730 ac

1899 2787 2098 2843 faciam
2130 2786 2440 2861 spirituale.
2471 2804 2490 2839 ι
2534 2783 2736 2839 Tollite
2765 2779 3001 2851 lapidem
3030 2795 3044 2832 ι
3086 2794 3103 2826 ι
3123 2774 3316 2845 jugum
3346 2767 3483 2839 legis

1898 2888 2119 2951 portatu
2177 2878 2416 2946 difﬁcile,
2460 2884 2524 2931 ut
2572 2874 2859 2944 recipiatis
2915 2867 3194 2924 viviﬁcum
3252 2861 3479 2917 verbum

1899 2976 2105 3044 gratize.
2147 2991 2165 3024 ι
2204 2972 2404 3027 Tollite
2426 2969 2660 3041 lapidem
2696 2986 2710 3022 :
2762 2986 2780 3019 ι
2815 2980 2939 3022 cum
2971 2963 3163 3032 utique
3199 2957 3293 3028 qui
3332 2954 3482 3009 velut

1900 3068 2215 3136 impositum
2274 3065 2519 3119 velamen
2594 3067 2790 3133 gravat
2849 3058 3117 3111 animum.
3166 3048 3477 3105 Potuissem

1902 3176 2001 3231 ego
2062 3159 2344 3214 revolvere
2402 3155 2688 3227 lapidem:
2748 3167 2938 3209 verum
3000 3160 3058 3203 ut
3110 3145 3214 3216 ipsi
3263 3155 3480 3213 quoque

219 3270 320 3339 τῆς
357 3271 625 3334 δυσωδίας
657 3271 998 3325 άντιλάϐοιτε
1023 3288 1037 3303 '
1065 3266 1126 3326 οὑ
1168 3271 1231 3342 δὴ
1283 3272 1441 3341 χάριν
1491 3271 1622 3338 ὑμῖν
1675 3272 1795 3322 ὲπι-
1824 3278 1864 3332 c

1824 3278 1864 3332 ο
1903 3250 2218 3319 percipiatis
2251 3248 2481 3302 fetorem
2511 3289 2525 3310 ,
2561 3246 2772 3301 idcirco
2808 3242 2997 3313 iubeo,
3032 3250 3091 3295 ut
3119 3252 3216 3293 vos
3251 3233 3474 3290 tollatis.

218 3360 408 3430 τρέπω
440 3362 530 3415 τδν
564 3361 713 3417 λίθον
741 3363 931 3433 ἐξᾶραι
957 3361 1053 3415 τοῦ
1079 3363 1379 3432 μνήματος.
1418 3379 1436 3410 ι
1469 3360 1674 3430 ’Ἄρατε
1704 3357 1794 3411 τὸν

218 3451 366 3505 λίθον
390 3469 401 3481 '
435 3471 452 3502 ›
487 3453 574 3506 ἵνα
615 3454 773 3524 ὑμεῖς
807 3455 1218 3526 μαρτυρήσητε,
1241 3455 1323 3507 ὄτι
1356 3454 1449 3505 καὶ
1484 3452 1577 3505 τοῦ
1617 3452 1790 3520 τάφου

216 3544 310 3597 τον
344 3545 489 3598 λίθον
518 3545 893 3612 ἐξεκυλίσατε.
931 3565 949 3598 ι
977 3548 1182 3617 Ἀρατε
1209 3547 1299 3599 τὸν
1332 3545 1498 3598 λίθον.
1548 3564 1565 3595 ›
1605 3544 1793 3613 Ὑμεῖς

216 3638 267 3690 οἱ
297 3637 571 3702 Ἰουδαῖοι,
621 3638 721 3707 οὑχ
767 3640 815 3692 οί
861 3637 1104 3707 μαθηταί
1153 3655 1287 3707 μου,
1344 3638 1428 3689 ἵνα
1482 3637 1557 3705 μὴ
1603 3634 1793 3705 αὔριον

216 3730 409 3798 εἴπητε
443 3730 518 3789 ὡς
553 3730 647 3784 ἐπὶ
681 3730 773 3783 τοῦ
804 3731 1009 3800 τυφλοῦ
1034 3747 1049 3762 ·
1080 3727 1227 3803 Ἀρα
1264 3726 1418 3793 οὗτός
1461 3731 1639 3794 ὲστιν;
1681 3724 1792 3800 ἄρα

216 3821 458 3884 ἐκεῖνος;
498 3814 585 3874 ἵνα
619 3820 693 3892 μὴ
718 3823 911 3893 εἴπητε
936 3824 1016 3875 ὃτι
1051 3822 1207 3876 ἄλλον
1235 3824 1357 3890 ,ἀντ’
1384 3821 1542 3876 ἄλλου
1569 3822 1790 3891 ἦγειρα.

224 3929 243 3961 ι
279 3913 485 3981 Ἀρατε
520 3912 610 3966 τὸν
646 3913 817 3979 λίθον,
863 3934 881 3967 ι
916 3917 963 3968 εί
1001 3914 1094 3968 τοῦ
1124 3915 1403 3985 θαύματος
1440 3914 1565 3967 ἰδεῖν
1601 3913 1661 3966 τὸ
1697 3911 1793 3981 μέ-

215 4001 380 4069 γεθος
420 4002 696 4071 βούλεσθε.
738 4024 755 4055 ι
782 4007 943 4071 Λέγει
988 4005 1137 4075 αὑτῴ
1187 4008 1220 4076 ή
1260 4004 1463 4075 ἀδελφὴ
1516 4005 1608 4058 τοῦ
1643 4021 1793 4057 τετε-

215 4093 540 4165 λευτηκότος
570 4096 798 4167 Μάρθαο
820 4100 1012 4167 Κύριε,
1042 4099 1142 4169 ἤδη
1164 4099 1301 4162 ὄζει·
1329 4100 1651 4168 τεταρταῖος
1682 4097 1792 4167 γάρ

216 4186 389 4240 ἐστιν.
426 4204 443 4237 ι
475 4186 721 4257 Ἡμέρας
744 4189 851 4260 γὰρ
883 4184 995 4259 εἶχε
1026 4191 1299 4260 τέσσαρας
1329 4192 1385 4242 ἐν
1413 4190 1489 4259 τῷ
1523 4191 1788 4259 μνήματι,

216 4281 276 4330 ἐν
304 4272 392 4341 αἷς
421 4274 488 4348 ἦν
537 4278 937 4350 διαφθαρθῆναι
976 4281 1066 4334 τὸν
1101 4281 1394 4335 τεθνεῶτα.
1429 4300 1447 4332 ι
1472 4283 1612 4351 Ἤδη
1652 4280 1785 4344 ὄζει,

215 4375 533 4443 τεταρταῖος
560 4374 668 4443 γάρ
694 4375 861 4427 ἐστιν.
899 4392 915 4424 ι
954 4375 1234 4436 Ἀπιστίας
1268 4376 1362 4426 καὶ
1393 4371 1698 4442 δισταγμοῦ
1728 4370 1789 4423 τὸ

216 4465 393 4535 ρἧα.
452 4467 598 4535 Πλὴν
643 4468 701 4519 ὲν
752 4468 863 4527 τοῖς
912 4467 1189 4537 μεγίστοις
1245 4465 1519 4534 θαύμασιν
1563 4463 1790 4517 ἀπιστία

216 4558 542 4626 προτρέχειν
566 4557 813 4610 εἴθισται.
846 4576 863 4608 ι
888 4557 1027 4627 Ἤδη
1053 4557 1186 4621 ὄζει.
1232 4575 1250 4608 ι
1303 4554 1665 4626 Ἐπαρθέντος
1693 4553 1788 4607 τοῦ

1906 3361 1923 3394 ι
1952 3340 2153 3397 Tollite
2176 3340 2410 3411 lapidem
2443 3356 2455 3392 :
2493 3358 2512 3391 ι
2551 3346 2610 3392 ut
2645 3338 2750 3408 ipsi
2775 3343 2944 3392 testes
2978 3334 3104 3389 sitis
3151 3337 3335 3385 vestra
3360 3327 3479 3396 ipsa

1899 3446 2067 3501 opcta
2098 3430 2328 3485 revoluti
2361 3427 2567 3498 lapidis
2596 3425 2856 3495 sepulcri.
2892 3443 2911 3478 ι
2937 3421 3137 3477 Tollite
3160 3414 3397 3487 lapidem
3424 3431 3473 3493 ει

1902 3541 1999 3579 vos
2027 3523 2226 3586 Judaei.
2259 3539 2367 3577 non
2404 3520 2669 3590 discipuli
2713 3519 2815 3574 mei
2836 3557 2851 3581 ,
2884 3524 2945 3572 ut
2972 3532 3039 3571 ne
3069 3514 3214 3570 velut
3244 3512 3297 3566 in
3329 3523 3479 3564 caeco

1898 3618 2164 3687 postridie
2193 3615 2451 3670 dixeritis
2481 3633 2494 3669 :
2524 3611 2786 3683 Nunquid
2816 3612 2929 3675 hic,
2962 3606 3208 3678 nunquid
3260 3603 3385 3657 ille?
3420 3611 3479 3655 ut

1901 3726 1968 3764 ne
1989 3709 2157 3763 alium
2201 3724 2301 3778 pro
2338 3708 2446 3761 alio
2476 3707 2810 3761 suscitatum
2850 3703 3175 3759 causemini.
3233 3720 3251 3752 ι
3278 3696 3478 3752 Tollite

1899 3802 2189 3871 lapidem:
2229 3819 2248 3851 ι
2312 3800 2357 3853 si
2412 3798 2665 3853 miraculi
2727 3796 3161 3867 magnitudinem
3229 3801 3477 3861 spectare

1900 3894 2090 3947 vultis.
2130 3911 2148 3943 ι
2199 3890 2341 3946 Dicit
2382 3892 2434 3946 ei
2483 3889 2695 3944 Martha
2743 3905 2904 3945 soror
2944 3888 3066 3956 ejus
3093 3886 3187 3956 qui
3224 3892 3475 3939 mortuus

1897 3984 2073 4041 fuerat
2103 4004 2115 4040 :
2140 3983 2385 4047 Domine,
2407 3982 2518 4052 jam
2545 3981 2708 4048 fetet;
2737 3980 3142 4052 quatriduanns
3167 3988 3251 4032 est
3272 3977 3469 4030 enim.»

1897 4080 2141 4134 Habebat
2175 4080 2323 4133 enim
2356 4085 2592 4148 quatuor
2637 4077 2756 4131 dies
2782 4076 2836 4130 in
2865 4080 3243 4136 monumenta,
3272 4071 3325 4123 in
3350 4068 3475 4139 qni-

1896 4173 1999 4228 bus
2042 4184 2252 4242 poterat
2299 4183 2550 4226 mortuus
2597 4169 3097 4241 compntruissc.lt
3148 4164 3267 4219 .lam
3304 4163 3470 4224 fetet;

1893 4265 2297 4335 quatridnanns
2323 4272 2407 4320 est
2429 4266 2596 4319 enim.
2632 4282 2650 4315 ι
2679 4262 2913 4318 Verbum
2945 4270 3027 4315 est
3057 4273 3163 4312 It0n
3195 4256 3472 4311 credentis

1894 4367 1948 4411 et
1972 4355 2296 4411 dubitantis.
2331 4356 2602 4411 Caeterum
2646 4352 2940 4409 consuevit
2965 4349 3263 4405 inﬁdelitas
3289 4348 3471 4402 maxi-

1896 4450 2001 4505 mis
2068 4465 2405 4519 przecurrere
2462 4447 2773 4502 miraculis.
2845 4464 2863 4496 ι
2902 4443 3024 4497 Jam
3089 4442 3242 4496 fetet.
3283 4460 3301 4491 ι
3357 4439 3471 4494 Hoc

1896 4540 2034 4595 dixit
2062 4539 2300 4605 Martha,
2342 4556 2464 4594 cum
2503 4539 2725 4594 sublato
2762 4537 2943 4605 lapide
2991 4534 3214 4588 odorem
3264 4532 3469 4587 sensis-

215 4623 495 4718 λίθουτῇ
533 4649 710 4719 ὀσμῆς
743 4623 1065 4717 αισθομένῇ,
1111 4648 1269 4700 τοῦτο
1298 4623 1455 4700 εἶπεν
1488 4648 1521 4715 ἡ
1569 4646 1786 4716 Μάρθα.
1826 4626 1867 4680 D

1826 4626 1867 4680 D
1896 4641 1995 4685 set.
2033 4630 2095 4684 Et
2135 4632 2348 4698 quidem
2384 4628 2528 4699 quod
2582 4628 2819 4682 dicebat.
2858 4642 2966 4680 non
3001 4623 3276 4679 credentis
3306 4630 3464 4676 erat:

215 4742 327 4792 Καὶ
376 4741 436 4793 τὸ
484 4741 581 4807 μὲν
634 4741 784 4810 ῥῆμα
821 4740 1215 4808 διαπιστούσης
1268 4735 1364 4810 ἦν’
1431 4737 1792 4791 συνεϐάλλετο

211 4831 345 4897 γοῦν
388 4832 537 4901 ὅμως
582 4831 660 4901 τῷ
695 4830 958 4901 θαύματι,
998 4832 1107 4901 ὅσῳ
1156 4834 1249 4885 καὶ
1288 4831 1488 4901 μᾶλλον
1540 4829 1791 4897 ἐφαίνετο

212 4922 463 4976 διαλυθὲν
494 4925 556 4977 τὸ
586 4923 768 4994 σῶμα.
800 4942 817 4975 ι
849 4925 1043 4994 Κύριε,
1080 4925 1182 4994 ἤδη
1213 4924 1347 4988 ὄζει.
1372 4942 1389 4974 ι
1425 4923 1514 4993 Μὴ
1563 4922 1791 4992 πλησιά-

214 5036 336 5089 σῃς,
376 5018 562 5089 φησὶν,
592 5020 680 5072 ἵνα
726 5020 801 5090 μὴ
824 5018 1107 5090 άηδισθῇς.
1143 5037 1161 5069 ι
1192 5018 1330 5087 Ἤδη
1356 5017 1494 5081 ὄζει.
1532 5037 1549 5069 ι
1600 5018 1791 5087 Μῦρον

213 5111 477 5181 ὑπάρχων
507 5111 728 5175 εὑῶδες,
761 5113 835 5182 μὴ
881 5112 1256 5183 προσεγγίσῃς
1288 5110 1364 5179 τῷ
1406 5111 1607 5173 ὄζοντι.
1649 5110 1793 5163 «Κύ-

217 5217 323 5272 ριε,
355 5201 456 5272 ἤδη
487 5201 621 5266 ὄζει.
657 5220 674 5253 ι
710 5202 1002 5255 Ἐπιτεένει
1046 5202 1106 5255 τὸ
1141 5201 1328 5271 θαῦμα
1349 5202 1439 5254 τοῦ
1466 5201 1689 5269 γυναίου
1732 5201 1792 5253 τὸ

217 5292 395 5363 ῥῆμα.
443 5292 609 5362 Λέγει
644 5295 782 5365 αὐτῇ
813 5297 841 5348 6
894 5293 1137 5366 Ἰησοῦς·
1172 5315 1189 5346 ι
1221 5295 1334 5347 Οὑκ
1369 5289 1524 5347 εἶπόν
1566 5310 1667 5357 σοι,
1711 5294 1792 5346 ὅτι

213 5382 312 5435 ἐὰν
342 5385 665 5457 πιστεύσῃς,
707 5385 829 5453 ὖψει
862 5385 960 5455 τὴν
1006 5384 1164 5450 δόξαν
1206 5383 1300 5437 τοῦ
1335 5383 1505 5448 Θεοῦ;
1539 5403 1557 5435 ι
1599 5384 1790 5449 Τοῦτο,

212 5472 383 5525 οἱονεί
415 5490 533 5536 πως
565 5474 840 5538 ὀνειδίζων
872 5475 1041 5546 αὐτὴν
1070 5474 1196 5544 ἔφη.
1229 5474 1464 5544 Εὔδηλον
1500 5476 1604 5543 γὰρ
1631 5474 1708 5536 ὼς
1731 5475 1792 5527 οὑ

212 5563 450 5634 πάμπαν
500 5564 833 5633 ἀμφιϐολίας
866 5566 1203 5639 ἀπήλλακτο,
1240 5567 1307 5620 δι’
1336 5560 1409 5621 ὧν
1445 5567 1792 5638 ἐσφαλμένας

211 5654 454 5707 ιποιεῖτο
475 5652 573 5716 τὰς
605 5655 946 5724 ἀποκρίσεις.

283 5916 314 5949 ι
343 5906 505 5965 Prov.
534 5924 648 5974 \‘lll,
680 5910 765 5964 l7.

1898 4722 2215 4778 conferebat
2277 4732 2456 4776 tamen
2508 4720 2576 4775 ad
2628 4720 2980 4781 miraculum,
3033 4724 3241 4788 quanto
3302 4714 3467 4769 etiam

1898 4816 2146 4887 corporis
2182 4815 2447 4869 resolutio
2503 4810 2677 4881 magis
2706 4807 3109 4864 innotescebat.
3149 4824 3167 4857 ι
3214 4803 3466 4866 Domine,

1892 4908 2004 4977 jam
2050 4907 2201 4964 fetet.
2243 4925 2261 4960 ι
2300 4905 2378 4961 Ne
2439 4903 2701 4974 propius,
2754 4900 2955 4971 inquit,
3012 4898 3335 4961 accesseris,
3400 4909 3470 4949 ne

1898 4999 2205 5053 molestiam
2269 4996 2494 5057 sentias,
2525 5009 2587 5049 ac
2629 4992 2915 5048 stomacho
2947 4989 3241 5045 movearis.
3276 5005 3293 5038 ι
3348 4986 3465 5041 Jam

1891 5091 2043 5146 fetet.
2084 5111 2103 5142 ι
2140 5090 2215 5145 Ne
2248 5090 2339 5160 qui
2394 5087 2725 5144 suaveolens
2756 5092 3101 5156 unguentum
3148 5098 3229 5149 es,
3278 5080 3466 5136 fetenti

1891 5182 2436 5254 appmpinquavcris.
2479 5200 2496 5232 ι
2529 5178 2780 5243 Domine,
2803 5178 2916 5248 jam
2950 5176 3134 5232 fetet.»
3157 5174 3469 5245 Magnificat

1892 5275 2223 5329 miraculum
2239 5273 2466 5327 verbum
2492 5270 2761 5325 mulieris.
2788 5265 3199 5323 DiciteiJesus:
3228 5284 3245 5317 ι
3277 5262 3469 5319 Nonne

1894 5369 2006 5423 dixi
2062 5368 2184 5431 tibi,
2247 5367 2521 5437 quoniam.
2541 5363 2586 5418 si
2617 5360 2922 5417 credideris
2947 5400 2962 5423 ,
3005 5359 3210 5414 ridebis
3239 5358 3467 5429 gloriam

1897 5460 2025 5517 Dei?
2066 5479 2084 5512 ι
2160 5458 2275 5513 Hoc
2329 5457 2503 5522 dixit,
2534 5455 2684 5510 velut
2726 5454 2775 5509 ei
2819 5452 3227 5523 quodammodo
3271 5464 3467 5519 expro-

1899 5554 2088 5607 brans.
2150 5550 2376 5604 Clarum
2436 5547 2581 5602 enim
2642 5552 2764 5609 est,
2816 5560 2878 5600 ex
2930 5543 3082 5598 falsis
3120 5556 3259 5612 quas
3291 5541 3468 5594 dabat

1896 5639 2404 5712 responsionibtts,
2442 5653 2559 5693 non
2614 5634 2783 5691 fuisse
2853 5634 2921 5689 ab
2975 5633 3123 5688 onmi
3189 5631 3467 5687 dubietate

1898 5740 2139 5793 liberam.
