4236 6440
779 358 883 423 ωε)

773 566 959 630 Pater,
995 568 1205 633 gratias
1241 580 1344 637 ago
1383 567 1483 620 tibi
1522 567 1782 637 quoniam
1833 568 2035 623 audisti
2078 584 2184 623 me.
2241 571 2353 638 Ego

774 669 953 712 antem
984 658 1225 712 sciebam
1254 658 1382 728 quia
1404 669 1622 728 semper
1653 672 1737 711 me
1771 657 1929 711 audis
1963 675 1975 711 :
2005 657 2098 712 sed
2132 668 2355 728 propter

776 750 1035 815 populum
1066 749 1159 817 qui
1195 749 1522 801 circumstat
1552 746 1698 812 dixi,
1740 759 1798 801 ttt
1848 745 2079 801 credant
2118 748 2250 817 quia
2293 755 2350 799 tu

776 853 860 891 me
902 838 1125 892 misisti.
1163 858 1182 889 ι
1242 837 1490 893 Elevavit
1540 853 1763 893 sursum
1798 839 2017 903 oculos,
2084 837 2230 891 unde
2284 836 2350 889 ad

775 944 876 985 nos
911 929 1202 985 descendit
1239 950 1251 985 :
1286 931 1398 1001 agit
1430 946 1560 986 vero
1601 931 1751 985 Patri
1786 931 2017 1001 gratias,
2052 945 2161 982 non
2195 929 2351 996 quasi

773 1022 981 1090 aliquid
1049 1024 1333 1095 acceperit
1380 1028 1447 1077 ah
1490 1024 1611 1093 ipso
1659 1022 1793 1093 (l6).
1826 1020 1961 1074 Nam
2024 1037 2134 1075 non
2179 1022 2367 1091 popo-‘

774 1116 898 1169 seit.
920 1115 959 1164 ἰ
1007 1112 1228 1171 Gratias
1258 1116 1405 1169 enim
1438 1116 1537 1169 tibi
1572 1130 1694 1184 ago,
1728 1114 1929 1183 inquit,
1960 1115 2223 1183 quoniam
2252 1130 2355 1167 au-

676 1264 679 1267 ,
772 1211 901 1263 nisti
938 1225 1045 1263 me.
1089 1230 1109 1262 ι
1150 1210 1312 1278 Atqui
1355 1220 1626 1279 nusquam
1669 1212 1848 1279 petiit,
1882 1227 2159 1281 nusquam
2194 1225 2355 1279 roga-

774 1300 870 1351 vit.
923 1299 1343 1369 Consequeuter
1378 1316 1513 1371 ergo
1561 1303 1779 1357 videtur
1826 1304 1985 1368 illud,
2022 1322 2041 1355 ι
2081 1303 2354 1369 Quoniam

773 1391 975 1445 audisti
1000 1408 1105 1452 me,
1131 1411 1148 1443 ι
1187 1407 1685 1462 supervacaneum.
1704 1394 1999 1449 Enimvero
2024 1411 2085 1449 ea
2113 1395 2357 1464 loquitur

774 1488 997 1551 propter
1021 1480 1265 1546 Iudaeos,
1300 1485 1601 1540 ostendens
1636 1486 1855 1541 venisse
1879 1488 1946 1541 de
1969 1488 2132 1553 cmlo,
2170 1502 2233 1540 ae
2258 1486 2352 1541 Dei

774 1582 832 1624 se
866 1571 1061 1626 Filium
1106 1584 1159 1627 et
1218 1574 1413 1639 Deum,
1462 1575 1759 1644 omniaque
1807 1592 1874 1629 ex
1934 1576 2210 1631 sententia
2254 1574 2353 1628 Pa.

773 1664 896 1725 tris,
931 1666 1081 1718 velut
1127 1668 1215 1721 cui
1253 1683 1363 1722 una
1400 1683 1527 1722 eum
1563 1683 1628 1723 eo
1667 1677 1723 1723 et
1758 1670 2030 1722 sententia
2062 1669 2134 1722 sit
2162 1676 2211 1722 et
2256 1681 2358 1721 na-

775 1766 920 1821 tura,
980 1774 1243 1830 peragere
1281 1778 1293 1814 :
1326 1774 1390 1815 ac
1419 1762 1663 1825 demum,
1699 1762 1846 1815 velut
1871 1762 1967 1831 qui
2000 1761 2164 1816 homo
2185 1767 2354 1826 esset,

775 1850 941 1919 paulo
998 1866 1059 1905 se
1120 1853 1365 1907 locutum
1415 1853 1686 1907 humilius
1725 1860 1781 1908 et
1815 1852 2118 1907 secundum
2174 1853 2355 1908 homi-

776 1958 937 2005 nem,
1009 1952 1069 1997 ut
1136 1960 1205 1999 ne
1276 1946 1590 2000 incarnatio
1654 1946 1803 2000 inani
1866 1946 2051 2017 specie
2097 1955 2360 2001 constare

772 2038 1075 2092 videretur.
1116 2056 1135 2090 ι
1181 2037 1308 2093 [lare
1349 2054 1472 2093 eum
1523 2038 1777 2105 dixisset,
1813 2055 1950 2094 voce
1989 2054 2183 2110 magna
2242 2039 2357 2091 (οια-

773 2129 943 2182 ntavit
978 2147 989 2182 :
1028 2128 1256 2196 Lazare,
1288 2130 1411 2186 veni
1469 2130 1637 2186 foras.
1670 2132 1737 2186 Et
1791 2132 1977 2187 statim
2025 2134 2231 2202 prodiit
2265 2131 2360 2201 qui

775 2219 954 2275 fuerat
1003 2230 1276 2289 mortuus,
1331 2223 1531 2293 ligatus
1571 2226 1740 2293 pedes
1768 2232 1822 2279 et
1856 2238 2054 2280 manus
2094 2224 2303 2279 institis
2340 2242 2355 2278 :

771 2321 827 2366 et
870 2313 1040 2368 facies
1067 2315 1217 2368 illius
1255 2315 1483 2369 sudario
1515 2324 1635 2370 erat
1666 2316 1856 2385 ligata.
1895 2335 1914 2367 ι
1946 2314 2066 2371 Non
2098 2316 2187 2371 hic
2233 2332 2360 2387 pre~

773 2413 955 2469 catur,
993 2420 1095 2459 nec
1128 2406 1266 2460 dicit
1308 2423 1322 2459 :
1364 2406 1549 2471 Pater,
1604 2406 1817 2463 suscita
1856 2401 2005 2462 eum.
2042 2405 2167 2461 Haec
2213 2407 2358 2462 enim

774 2506 904 2551 sunt
933 2496 1307 2563 subditorum,
1336 2506 1391 2551 et
1415 2513 1607 2554 eorum
1643 2498 1736 2568 qui
1770 2499 1997 2553 secundi
2030 2503 2163 2554 sunt
2210 2500 2357 2570 (l7):

778 2589 873 2643 sed
904 2591 1108 2646 clamat
1147 2610 1159 2645 :
1199 2606 1300 2645 uec
1339 2591 1547 2645 clamat
1580 2593 1758 2647 solum
1787 2632 1803 2657 ,
1836 2593 1932 2648 sed
1970 2608 2169 2664 magna
2200 2608 2358 2648 voce.

776 2679 955 2751 Cujus
990 2681 1213 2751 gratia?
1253 2678 1326 2737 Ut
1369 2683 1535 2738 etiam
1588 2684 1837 2754 designet
1866 2682 2110 2738 futuram
2145 2684 2358 2750 tubam,

777 2775 941 2844 cujus
971 2791 1167 2843 magna
1190 2790 1296 2830 vox
1331 2786 1704 2831 convocatura
1732 2786 1821 2832 est
1850 2777 2059 2846 positos
2092 2776 2147 2830 in
2176 2791 2362 2830 tuonu-

779 2868 1006 2925 tuentis.
1045 2886 1064 2919 ι
1109 2867 1338 2934 Lazare,
1373 2872 1497 2923 veni
1540 2868 1709 2924 foras.
1751 2888 1771 2921 ι
1816 2868 1931 2924 Vox
1980 2865 2201 2923 Domini
2252 2878 2359 2935 est,

780 2960 929 3030 regia
956 2959 1159 3028 jussio,
1195 2960 1489 3030 potestatis
1521 2960 1838 3029 imperium.
1879 2978 1898 3012 ι
1939 2958 2077 3015 Veni
2123 2959 2293 3015 foras.
2336 2979 2356 3013 θ

775 3050 1151 3122 Corruptione
1183 3052 1433 3123 deposita
1466 3052 1662 3123 pellem
1692 3068 1911 3108 resume
1956 3068 2053 3122 per
2104 3052 2351 3106 incorru-

1960 362 2379 447 summa
2420 363 2846 427 CRE’I‘ENSIS

849 491 869 527 ι
905 470 1069 531 Jesus
1097 481 1279 529 autem
1310 471 1542 527 elevatis
1578 471 1632 526 in
1668 472 1869 527 cadum
1916 476 2119 538 oculis,
2160 476 2301 530 dixit
2336 492 2347 526 :
2386 478 2426 534 Α

2534 495 2553 528 ι
2588 478 2647 530 '0
2674 478 2731 531 δὲ
2776 475 2983 548 Ἰησοῦς
3024 469 3117 547 ἦρε
3178 492 3303 539 τους
3338 474 3654 547 δ’,ςθαλμοῦς
3685 479 3767 542 εἰς
3784 478 4056 548 οὐρανὸν,

2458 574 2551 620 καὶ
2577 564 2698 621 εἷπε
2734 585 2748 598 ⁸
2789 568 2991 637 Πάτερ,
3018 567 3333 638 εὐχαριστῶ
3364 584 3449 620 σοι
3486 569 3567 621 ὅτι
3602 568 3841 638 ἧκουσὰς
3884 586 4002 637 μου
4038 583 4054 596 ⁶

2456 659 2567 727 ἐγὼ
2592 661 2647 713 δὲ
2688 661 2835 730 ᾔδειν
2886 661 2969 714 ὅτι
3003 659 3234 713 πάντοτέ
3292 676 3394 729 μοι)
3430 658 3686 722 ἀκοῦσεις
3719 677 3734 690 ·
3764 660 3900 712 ἀλλὰ
3962 658 4060 710 διὰ

2456 752 2547 803 τὸν
2584 753 2742 821 δχλον
2765 753 2857 806 τὸν
2898 752 3240 824 περιεστῶτα
3294 748 3448 805 εἷπον
3486 768 3499 782 ⁸
3543 752 3631 804 ἵνα
3673 753 4057 806 πιστεύσωσιν

2456 844 2537 897 ὅτι
2564 844 2626 896 σύ
2660 862 2725 914 με
2750 844 3095 907 ἀπέστειλας.
3126 864 3144 896 ι
3176 845 3323 897 Ἀνω
3342 840 3445 915 ἦρε
3474 844 3534 897 τὸ
3550 843 3871 912 δμμα,ὃοεν
3907 844 4059 913 πρὸς

2456 937 2606 1004 ἡμᾶς
2674 937 3054 1006 καταϐέϐηκεν
3075 954 3087 966 ·
3133 937 3454 1007 εὐχαριστεί
3480 936 3537 989 δὲ
3570 935 3651 1004 τῷ
3678 936 3854 995 Πατρὶ
3876 976 3891 997 ,
3951 936 4057 1003 οὐχ

2456 1028 2531 1090 ὡς
2567 1027 2747 1080 λαϐὼν
2775 1045 2826 1081 τι
2881 1031 3010 1099 παρ’
3064 1028 3250 1082 αὑτοῦ.
3282 1030 3358 1082 Οὐ
3396 1030 3506 1097 γὰρ
3562 1028 3784 1097 ᾔτησεν.
3827 1046 3845 1075 ι
3870 1025 4058 1096 Εὐχα-

2459 1117 2629 1187 ριστῶ
2660 1134 2741 1170 σοι
2763 1119 3107 1188 riga-grta»),
3142 1121 3223 1172 ὄτι
3270 1120 3511 1187 ﬁxo-md;
3552 1136 3675 1186 μου.
3710 1136 3729 1169 ι
3773 1117 3885 1169 Καὶ
3942 1117 4059 1186 μὴν

2457 1207 2695 1276 οὐδαμοῦ
2748 1207 2950 1277 ⁴ᾔτησεν
2983 1248 2998 1272 ,
3066 1208 3307 1278 οὐδαμοῦ
3362 1208 3582 1277 ἐδεήθη.
3634 1207 3897 1277 Περιττδν
3956 1205 4059 1258 οὖν

2457 1295 2647 1367 ὥσπερ
2692 1298 2833 1351 κατὰ
2886 1298 2949 1351 τὸ
2993 1298 3292 1352 ἀκόλουθον
3340 1293 3483 1352 εἶναι
3539 1298 3686 1350 δοκεῖ
3749 1298 3833 1363 τὸ,
3869 1316 3887 1347 ι
3925 1298 4059 1349 Ὀτι

2458 1390 2702 1458 ἧκουσὰς
2760 1408 2884 1459 μου.
2926 1410 2944 1441 ›
3000 1390 3162 1444 Ἀλλὰ
3207 1392 3298 1444 διὰ
3342 1393 3468 1454 τοὺς
3521 1392 3812 1452 Ἰουδαίους
3870 1389 4061 1443 ταῦτα

2459 1481 2630 1545 λαλεῖ,
2688 1482 2906 1545 δεικνὺς
2948 1481 3027 1534 ὅτι
3064 1480 3275 1534 ἄνωθεν
3297 1477 3431 1553 ἦλθε
3452 1522 3467 1545 ,
3502 1482 3600 1535 καὶ
3625 1483 3710 1534 ὅτι
3739 1481 3865 1543 Υἱός
3934 1482 4060 1531 ἐστι

2458 1570 2554 1623 τοῦ
2612 1570 2773 1636 Θεοῦ,
2831 1572 2925 1625 καὶ
2969 1571 3122 1636 Θεὸς,
3175 1573 3270 1626 καὶ
3322 1575 3405 1627 ὅτι
3465 1574 3643 1627 πάντα
3693 1571 3893 1643 γνώμῃ
3957 1570 4059 1624 τοῦ

2462 1664 2675 1733 Πιτρδς
2738 1667 2903 1729 ποιεῖ,
2931 1664 3005 1729 ὡς
3041 1665 3141 1735 τῆς
3205 1666 3374 1737 αὐτῆς
3428 1668 3690 1737 ὑπάρχων
3747 1666 3900 1736 αὐτῷ
3959 1668 4061 1718 καὶ

2461 1756 2685 1827 γνώμης
2712 1742 2806 1811 καὶ
2845 1758 3062 1827 φύσεως
3099 1775 3112 1788 ⁸
3137 1760 3234 1812 καὶ
3264 1759 3347 1812 ὅτι
3388 1759 3675 1829 ἄνθρωπος
3705 1758 3805 1822 ὢν,
3845 1758 4061 1829 ἀνθρω-

2463 1849 2767 1922 πινώτερόν
2798 1869 2915 1916 πως
2945 1851 3145 1917 ἐλάλει,
3172 1850 3254 1922 τῷ
3287 1852 3364 1922 μὴ
3399 1853 3675 1921 φαντάσαι
3708 1852 3810 1921 τὴν
3840 1852 4060 1904 οἰκονο-

2466 1944 2617 2013 μίαν.
2659 1961 2678 1993 ι
2715 1942 2901 1996 Ταῦτα
2938 1942 3130 2009 εἰπὼν,
3192 1947 3343 2015 φωνῇ
3407 1944 3622 2017 μεγάλῃ
3680 1942 4007 2014 ὲκραύγασε
4044 1957 4057 1969 ”

2463 2032 2683 2105 Λάζαρε
2709 2034 2871 2105 δεῦρο
2896 2034 3020 2099 ἔξω.
3056 2035 3168 2090 Καὶ
3215 2035 3420 2098 εὐθέως
3455 2034 3677 2104 ἐξῆλθεν
3706 2036 3736 2088 ὁ
3765 2032 4059 2103 τεθνηκὼς

2460 2126 2743 2197 δεδεμένος
2766 2127 2866 2190 τὰς
2893 2129 3084 2197 χεῖρας
3118 2127 3213 2181 καὶ
3239 2127 3365 2191 τοὺς
3395 2127 3564 2192 πόδας
3599 2127 3863 2195 κειρίαις,
3906 2128 4008 2179 καὶ
4027 2128 4060 2196 ἡ

2461 2217 2583 2285 ὄψις
2607 2217 2796 2281 αὑτοῦ,
2838 2218 3107 2288 σουδαρίῳ
3132 2217 3523 2288 περιεδέδετο.»
3550 2219 3664 2271 υὺκ
3680 2216 3903 2287 εὔχεται
3939 2218 4059 2281 νῦν,

2461 2309 2582 2362 οὐδὲ
2610 2308 2777 2376 λέγει·
2815 2310 3021 2380 Πάτερ,
3059 2309 3275 2381 ἐγειρον
3302 2310 3487 2363 αὐτόν.
3512 2310 3636 2363 Τῶν
3662 2310 3771 2379 γὰρ
3808 2310 3917 2362 ὑπὸ
3947 2315 4063 2379 χεῖ-

2464 2421 2533 2476 ρα
2560 2403 2773 2470 ταῦτα,
2827 2403 3086 2467 καὶτῶν
3133 2403 3440 2476 δευτέρωνο
3482 2402 3621 2467 ἀλλὰ
3679 2402 3920 2475 κράζει,
3964 2405 4063 2456 καὶ

2462 2496 2562 2567 οὐχ
2611 2495 2799 2558 ἁπλῶς
2854 2496 3072 2568 κράζει,
3116 2496 3254 2551 ἀλλὰ
3280 2497 3435 2568 φωνῇ
3479 2495 3715 2569 μεγάλῃ.
3754 2496 3920 2559 Τίνος
3961 2500 4060 2566 χά-

2465 2606 2549 2661 ριν
2578 2608 2595 2654 ;
2621 2591 2740 2643 ’Ὶνα
2797 2591 2895 2644 καὶ
2950 2590 3048 2661 τὴν
3104 2590 3409 2661 μέλλουσαν
3445 2590 3595 2663 δείξῃ
3651 2590 3937 2657 σάλπιγγα
3960 2607 4058 2659 με·

2462 2677 2605 2751 γάλῃ
2628 2679 3008 2748 συγκαλοῦσαν
3045 2684 3198 2751 φωνῇ
3220 2682 3344 2745 τοὺς
3370 2683 3427 2735 ὲν
3462 2683 3729 2751 μνήμασι.
3763 2700 3781 2731 ι
3809 2680 4059 2750 Λάζαρε,

2462 2770 2625 2842 δεῦρο
2684 2771 2808 2839 ἔξω.
2837 2791 2857 2825 ι
2893 2773 3203 2844 Δεσποτικὴ
3231 2775 3265 2842 ἡ
3308 2773 3486 2846 φωνὴ,
3529 2771 3814 2844 βασιλικὸν
3864 2772 3928 2824 τὸ
3972 2775 4061 2825 κέ-

2463 2862 2697 2933 λευσμα,
2760 2862 3011 2927 ἐξουσίας
3066 2863 3128 2917 τὸ
3187 2863 3542 2934 πρόσταγμα.
3593 2861 3815 2934 (Δεῦρο
3874 2864 4006 2927 ἔξω.
4038 2884 4057 2915 ι

2479 2957 2533 3009 ’Δ
2545 2954 2844 3026 ποθὲμενος
2866 2956 2967 3025 τὴν
2990 2953 3219 3026 φθορὰν,
3250 2955 3490 3010 ἀνάλαόε
3518 2955 3615 3027 τὴν
3640 2956 3709 3010 δι’
3738 2956 4063 3027 ἀφθαρσίας

2463 3048 2646 3117 δοράν.
2679 3067 2697 3099 ι
2728 3048 2947 3117 Λάζαρε
2970 3046 3131 3119 δεῦρο
3160 3048 3286 3114 ἕξω.
3313 3067 3331 3100 ι
3360 3047 3665 3103 Γνώτωσαν
3693 3051 3745 3103 oi
3774 3049 4058 3114 Ἰουδαῖοι,

783 3143 1050 3213 ptionein.
1109 3163 1128 3197 ι
1174 3143 1404 3210 Lazare,
1443 3146 1564 3199 veni
1622 3144 1792 3201 foras.
1835 3163 1855 3198 ο
1933 3144 2127 3199 Sciant
2184 3141 2358 3199 Judaei

2465 3141 2546 3194 ὅτι
2577 3140 2799 3211 ἔρχεται
2820 3140 2963 3211 ὥρα,
2998 3141 3087 3193 ὅτε
3105 3140 3204 3210 τῆς
3237 3140 3423 3211 φωνῆς
3445 3140 3541 3194 τοῦ
3562 3140 3692 3194 Υἱοῦ
3721 3140 3816 3195 τοῦ
3841 3142 4063 3213 ἀνθρώ-

790 3254 810 3287 ι
842 3236 1061 3291 venisse
1087 3236 1199 3305 jam
1228 3236 1444 3298 horam,
1479 3236 1701 3305 quando
1730 3235 1956 3301 mortui,
1987 3236 2082 3304 qui
2129 3243 2263 3289 sunt
2313 3235 2366 3287 in

785 3328 1425 3391 monumentis,audient
1446 3344 1633 3382 vocem
1671 3328 1790 3382 Filii
1824 3326 1950 3383 Dei:
1980 3337 2032 3382 et
2058 3328 2150 3397 qui
2175 3328 2369 3382 audie-

784 3422 929 3487 rint,
986 3421 1171 3477 vivent
1198 3430 1247 3475 r.
1288 3440 1308 3473 ›
1348 3450 1418 3461 —-
1450 3438 1469 3470 ι
1509 3419 1645 3474 chi
1698 3420 1867 3474 foras.
1921 3439 1938 3470 ι
1973 3418 2237 3472 Sublatus
2282 3426 2369 3472 est

788 3512 930 3582 lapis
958 3512 1283 3566 offensionis
1319 3528 1331 3563 :
1370 3512 1436 3566 ad
1464 3528 1547 3565 me
1579 3527 1743 3581 perge
1776 3513 1869 3581 qui
1898 3523 1949 3565 te
1984 3526 2141 3565 voco.
2174 3529 2192 3562 ι
2231 3509 2366 3565 Veni

788 3604 960 3657 foras.
1003 3621 1022 3654 ι
1054 3600 1127 3655 Ut
1160 3602 1383 3671 quidem
1426 3603 1659 3666 amicus,
1696 3602 1760 3654 ad
1798 3617 1882 3655 me
1909 3602 2151 3667 advoco;
2187 3610 2367 3656 utau-

789 3705 896 3747 tem
931 3693 1192 3749 Dominus
1220 3735 1234 3759 ,
1287 3692 1569 3764 praecipio.
1602 3712 1620 3743 ι
1663 3692 1797 3746 Veni
1843 3692 2011 3747 foras.
2054 3712 2073 3744 δ
2107 3692 2370 3747 Noverint

788 3784 965 3840 «Ιηδωί
1012 3783 1150 3850 fore,
1200 3794 1257 3839 ut
1287 3786 1380 3853 qui
1406 3785 1617 3839 suseito
1644 3786 2073 3855 quatriduanum
2115 3802 2145 3840 e
2176 3800 2372 3840 monu-

790 3885 1002 3942 mento,
1039 3877 1238 3947 potiori
1290 3878 1410 3948 iure
1461 3893 1742 3948 resurgam
1781 3877 1898 3947 ipse
1946 3878 2258 3941 triduanus,
2294 3878 2371 3930 si»

789 3966 1012 4037 qtu'dem
1048 3977 1279 4022 mortem
1308 3980 1622 4037 gustavero.
1661 3987 1677 4019 Ι
1722 3966 1946 4032 Lazare,
1967 3969 2090 4023 veni
2124 3968 2296 4022 foras.
2348 3988 2368 4020 ι

792 4054 889 4109 Exi
927 4054 1116 4110 fasciis
1150 4058 1451 4122 involutus,
1488 4073 1550 4112 ac
1574 4058 1804 4112 indutus
1836 4058 2195 4126 sepulcralia,
2220 4069 2277 4112 ut
2304 4073 2371 4112 ue

790 4158 846 4203 te
884 4146 1061 4203 Judazi
1095 4148 1280 4203 tictum
1315 4159 1593 4204 mortuum
1641 4151 2106 4203 existimaverint.
2144 4149 2375 4204 Videant

792 4240 987 4310 ligatas
1010 4255 1230 4305 manus,
1260 4252 1315 4296 et
1354 4241 1544 4311 pedes,
1577 4257 1642 4295 ac
1686 4240 1882 4295 faciem
1919 4241 2221 4307 obtectam,
2272 4256 2373 4296 nec

793 4332 1062 4402 ttiicaculu
1084 4333 1245 4388 [idem
1277 4333 1593 4388 detrahant.
1628 4353 1645 4385 ι
1697 4332 1835 4387 Veni
1878 4336 2043 4388 l'oras.
2087 4353 2105 4386 ι
2147 4336 2373 4389 Astruet

794 4433 942 4478 tuam
968 4430 1440 4506 resurrectionem
1476 4430 1730 4497 corporis
1756 4429 2128 4484 malcolcntia.
2175 4425 2369 4484 Solve-

866 4612 892 4651 !
923 4602 1082 4659 Joan.
1125 4621 1178 4667 ν,
1205 4610 1299 4665 25.

2470 3250 2574 3285 που
2605 3234 2652 3285 oi
2686 3235 2745 3285 ἐν
2774 3234 2885 3294 τοῖς
2950 3232 3241 3303 μνημείοις
3278 3232 3608 3285 ἀκούσονται
3645 3248 3658 3262 ο
3692 3232 3786 3285 καὶ
3816 3234 3868 3285 οί
3893 3233 4065 3285 ἀκού-

2471 3338 2677 3386 σοντες,
2696 3324 2978 3391 ζήσονται.
3007 3342 3131 3375 ο-ι
3159 3322 3333 3395 Δεῦρο
3352 3323 3478 3389 ἔξω.
3510 3343 3529 3376 ι
3549 3319 3793 3395 Ἦρταιό
3808 3323 3987 3388 λίθος,
4007 3329 4068 3375 τὸ

2471 3414 2810 3486 πρόσκομμα
2830 3432 2843 3445 ·
2872 3413 3055 3485 βάδιζε
3090 3416 3227 3486 πρός
3257 3433 3324 3486 με
3348 3416 3440 3469 τὸν
3464 3416 3739 3470 καλοῦντὰ
3757 3433 3842 3470 σε.
3886 3437 3905 3468 ι
3935 3417 4068 3469 Δεῦο

2470 3525 2535 3581 ρο
2566 3506 2690 3575 ἔξω.
2722 3529 2739 3561 ι
2778 3508 2866 3571 Ὠς
2903 3510 3000 3579 μὲν
3036 3510 3187 3578 φίλος
3210 3525 3292 3562 σοι
3317 3509 3647 3581 προσφωνιῖη
3668 3508 3745 3572 ὡς
3776 3510 3835 3563 δὲ
3860 3511 4069 3563 Aeci-:6-

2472 3614 2569 3667 της
2598 3598 2899 3651 ἐπιτάσσω.
2937 3616 2954 3648 ι
2986 3590 3157 3669 Δεῦρο
3178 3599 3303 3665 ἔξω.
3329 3621 3346 3651 ι
3383 3598 3644 3653 Μάθωσιν
3676 3598 3965 3663 Ἰουδαῖοι,
3988 3600 4069 3652 ὅτι

2472 3690 2792 3758 τεταρταῖον
2848 3688 3081 3758 ἐγείρων
3122 3689 3186 3741 ὲκ
3220 3689 3509 3759 μνήματος
3549 3687 3731 3756 πο).λῷ
3762 3704 3825 3755 γε
3862 3689 4067 3758 μᾶλλον

2474 3780 2636 3842 αὐτὸς
2696 3781 2998 3852 τριήμερος
3050 3781 3463 3851 ἀναστήσομαι,
3499 3782 3551 3833 εἷ
3571 3797 3634 3849 γε
3657 3780 3895 3834 θανάτου
3940 3780 4070 3849 γεύ·

2477 3890 2663 3944 σομαι.
2717 3891 2735 3923 ι
2767 3873 3011 3944 Λάζαρε,
3045 3874 3207 3946 δεῦρο
3252 3874 3377 3939 ἔξω.
3404 3893 3424 3926 ι
3488 3874 3973 3945 Περιδεόλημὲνος
4005 3874 4069 3928 τὰ

2478 3964 2769 4034 σπάργανα
2802 3962 3007 4028 ἔξελθε,
3047 3964 3142 4016 καὶ
3158 3964 3226 4016 τὰ
3248 3964 3481 4032 ἐντάφια
3531 3964 3948 4034 περικείμενος,
3986 3964 4069 4017 ἵνα

2481 4056 2555 4127 μὴ
2576 4055 2947 4126 προσποιητόν
2967 4072 3025 4109 σε
3040 4054 3233 4126 νεκρὸν
3248 4053 3494 4108 Ἰουδαῖοι
3509 4055 3830 4125 νομίσωσιν.
3853 4055 4071 4108 Ἶδωσιν

2479 4152 2668 4223 χεῖρας
2696 4149 2991 4220 δεδεμένας
3015 4149 3111 4203 καὶ
3124 4149 3311 4212 πόδας,
3336 4149 3430 4202 καὶ
3445 4147 4068 4219 ὄψειςκεκαλυμμένας,

2481 4245 2575 4297 καὶ
2606 4244 2681 4317 μὴ
2724 4243 3089 4311 ἁπιστήσειαν
3127 4241 3374 4295 Ἰουδαῖοι
3420 4241 3497 4311 τῷ
3532 4241 3795 4310 θαύματι,
3853 4262 3872 4293 ι
3898 4241 4072 4311 Δεῦρο

2486 4335 2644 4401 ἔξω.»
2672 4334 3014 4386 Πιστώσεταί
3044 4350 3137 4385 σου
3161 4331 3258 4403 τὴν
3308 4332 3604 4413 ἀναϐίωσιν
3632 4336 3665 4403 ἡ
3683 4332 3923 4386 δυσωδέα
3975 4334 4071 4387 τοῦ

2488 4426 2760 4497 σώματος.
2790 4425 3041 4479 Λύσωσιν
3074 4424 3227 4477 αὐτοὶ
3256 4425 3321 4479 τὰ
3342 4416 3700 4495 περικείμενα
3749 4424 4072 4494 σπάργανα,

2113 4716 2501 4774 COMBEFISH
2524 4716 2757 4774 NOTAE.

870 4810 990 4885 (l6)‘
1019 4810 1139 4885 Agit
1168 4825 1289 4885 rem
1319 4809 1665 4885 gratiosum:
1691 4811 1845 4878 quasi
1875 4810 2080 4885 aliquid
2118 4812 2377 4885 acceperit
2414 4814 2456 4869 D
2485 4814 2698 4885 gorins.
2759 4821 2906 4885 orat.
2962 4814 3016 4867 in
3073 4810 3340 4885 Natalem.
3393 4822 3448 4865 et
3492 4813 3527 4866 2
3568 4813 3621 4866 iu
3656 4804 3905 4885 Pascha,
3931 4813 4073 4867 dixit

801 4902 831 4937 ιι
868 4883 1050 4935 Patre.
1083 4880 1256 4933 llalzet
1286 4880 1487 4951 similia
1516 4880 1948 4949 Chrysostotnus
1972 4881 2023 4934 in
2048 4890 2213 4951 caput
2234 4882 2379 4935 istud

804 4970 875 5007 sti
901 4951 1132 5026 Joannis
1164 4965 1287 5019 qua:
1308 4950 1509 5026 debent
1540 4951 1765 5026 intelligi
1793 4962 1858 5026 ut_
1881 4961 2093 5026 tantum
2122 4950 2183 5006 fin
2217 4951 2380 5026 aria-

804 5037 904 5076 nns
940 5022 1104 5080 dicta.
1135 5035 1242 5074 non
1276 5030 1335 5073 ut
1367 5023 1420 5073 in
1450 5022 1516 5073 iis
1541 5022 1770 5075 omnino
1791 5022 2115 5075 excludatur
2155 5036 2184 5075 a
2218 5022 2380 5077 Chri-

803 5104 891 5145 sto
911 5100 967 5144 et
995 5093 1193 5155 oratio,
1225 5099 1280 5143 et
1305 5092 1607 5162 gratiarum
1645 5094 1809 5151 actio.
1844 5109 1943 5160 pro
1968 5108 2097 5154 vere
2115 5096 2379 5161 acceptis.

788 5178 911 5217 .non
952 5170 1170 5223 natura,
1197 5162 1290 5214 sed
1349 5162 1628 5215 voluntate
1653 5170 1707 5216 et
1736 5168 1930 5226 gratia.
1980 5162 2049 5218 Ut
2092 5162 2259 5224 Deus.
2292 5180 2383 5216 ai:-

803 5234 951 5301 crpit
986 5238 1204 5293 natura,
1236 5239 1407 5283 totum
1442 5234 1585 5300 quod
1628 5243 1712 5286 est
1739 5234 1920 5296 Pater,
1973 5243 2203 5302 exet-pta
2257 5250 2382 5302 pro-

806 5307 1040 5371 prietate
1099 5309 1365 5371 paterna;
1418 5304 1663 5371 nihilque
1716 5319 1783 5355 eo
1839 5315 1925 5356 est
1980 5304 2233 5364 inferior,
2276 5319 2387 5369 quo

807 5369 1233 5443 proindeinodo
1280 5372 1463 5443 nullus
1501 5369 1680 5425 manet
1724 5373 1881 5426 locus
1915 5373 2149 5442 propriae
2181 5374 2386 5443 gratia-

807 5440 925 5497 i-um
958 5440 1165 5499 actioni
1196 5455 1210 5512 ι
1251 5450 1312 5492 ut
1346 5441 1530 5502 homo,
1569 5458 1882 5512 quanquam
1918 5440 2061 5497 dona
2082 5445 2265 5497 omnia
2298 5442 2389 5495 ha-

808 5516 1010 5573 bucrit,
1047 5519 1106 5571 ut
1128 5511 1275 5565 velut
1312 5526 1376 5564 ex
1420 5514 1656 5580 quadam
1684 5511 2144 5567 cennaturalitatc
2167 5513 2385 5579 debita;

824 5598 1013 5637 revera
1040 5591 1222 5635 tamen
1276 5582 1451 5647 gratia
1509 5585 1740 5651 accepit,
1773 5595 1826 5637 et
1872 5586 2059 5639 divina
2103 5584 2269 5637 libera
2298 5599 2393 5636 vo-

809 5655 1016 5707 luntate
1047 5664 1104 5705 ut
1137 5668 1234 5720 pro
1269 5653 1335 5705 iis
1368 5660 1423 5706 et
1458 5652 1625 5717 Patri,
1663 5662 1716 5708 et
1748 5657 1863 5723 ipse
1891 5656 1993 5709 sibi
2023 5655 2229 5716 utDeo,
2264 5668 2389 5722 gra-

806 5726 917 5781 tias
945 5738 1109 5793 agere
1138 5723 1404 5776 debuerit.

879 5790 1005 5871 αἲξ
1037 5792 1102 5848 Et
1136 5807 1318 5846 eorum
1348 5798 1436 5848 oui
1470 5796 1683 5849 secundi
1737 5807 1881 5851 siml.
1922 5794 2011 5851 Sic
2042 5799 2207 5852 etiam
2242 5796 2382 5854 Grc-

2481 4883 2728 4953 angelos,
2752 4883 3013 4953 δευτέρας
3052 4883 3472 4953 λαμπρότητας.
3530 4883 3787 4936 secundos
3823 4884 4075 4950 splendo-

2482 4972 2565 5010 res
2595 4970 2613 5007 :
2656 4955 2903 5007 nonuibil
2956 4954 3008 5007 id
3065 4954 3371 5017 PlatoniCe,
3398 4953 3490 5005 sed
3524 4970 3658 5007 sane
3685 4965 3869 5007 tamen
3893 4962 3948 5007 et
3976 4970 4069 5008 ca-

2483 5028 2702 5079 tholice.
2768 5023 2974 5079 Revera
3015 5026 3160 5078 enim
3189 5024 3369 5077 solum
3400 5039 3502 5077 ens
3539 5025 3786 5077 divinum
3814 5033 3872 5077 et
3902 5024 4072 5086 Dens,

2484 5100 2720 5166 primum
2756 5095 2887 5148 illud
2911 5104 3016 5155 est.
3049 5094 3195 5165 quod
3232 5095 3340 5147 sibi
3373 5094 3613 5148 suﬂieiat
3654 5115 3666 5148 :
3696 5094 3910 5163 reliqua
3949 5109 4072 5148 om-

2484 5170 2571 5221 nia
2601 5168 2841 5219 sccunda
2878 5175 3028 5229 sunt,
3085 5177 3134 5219 et
3168 5166 3391 5233 quibus.
3426 5178 3478 5216 ut
3524 5166 3661 5217 nihil
3700 5174 3787 5218 est
3837 5180 3947 5217 non
3980 5167 4064 5217 dc-

2494 5239 2728 5289 rivntnm
2766 5239 2939 5301 guttis
2979 5253 3006 5288 a
3069 5237 3247 5303 primo
3273 5236 3390 5294 illo.
3420 5237 3498 5288 sic
3527 5250 3703 5303 neque
3739 5242 3826 5287 est
3856 5236 4071 5303 aliquid

2494 5306 2639 5375 quod
2704 5324 2808 5359 tintt
2868 5321 2970 5358 suo
3027 5308 3190 5357 modo
3226 5306 3295 5358 ab
3323 5320 3390 5358 eo
3433 5316 3618 5374 pulcre
3652 5304 3913 5358 debeant.
3950 5304 4072 5357 Jatn

2494 5378 2639 5445 quod
2673 5378 2829 5431 tertia
2860 5388 2912 5430 et
2943 5386 3140 5445 ωιτη-ιλ
3168 5376 3352 5445 aliqua
3375 5376 3751 5436 dicantur,est
3777 5390 4069 5442 cmupat‘a-

2496 5452 2643 5500 tione
2668 5448 2814 5500 inter
2842 5446 2960 5514 ipsa
3008 5449 3248 5500 secunda
3294 5455 3349 5499 et
3382 5446 3787 5515 participantia,
3834 5460 4073 5513 quorum

2495 5518 2640 5570 aliud
2678 5518 2786 5570 alio
2821 5518 2993 5585 magis
3012 5518 3324 5586 participat,
3357 5524 3682 5586 cumtamen
3720 5530 3831 5568 uno
3863 5516 4072 5573 omnia,

2497 5604 2603 5641 non
2636 5588 2872 5641 alterum
2928 5585 3101 5639 altern
3147 5588 3456 5656 participet.
3505 5585 3668 5639 Ludit
3719 5586 3890 5639 etiam
3937 5586 4080 5638 scite

2497 5668 2687 5710 aui-tor
2714 5658 2946 5711 eaeomii
2994 5659 3223 5711 Abrahae
3277 5658 3495 5711 nomine
3546 5656 3953 5726 Chrysostonii,
4026 5656 4076 5706 in

2500 5730 2593 5782 illo
2647 5730 2839 5796 primo,
2898 5729 2986 5780 cui
3046 5729 3122 5780 ait
3180 5728 3398 5785 Abclcm
3458 5726 3524 5782 de
3565 5728 3762 5798 piimis
3803 5740 4076 5800 agnorum

2498 5802 2691 5853 fecisse
2719 5802 3009 5872 primitias,
3039 5808 3147 5854 etc.
