4236 6440
203 421 306 488 981

1313 430 1397 488 IN
1420 414 1785 493 LAZAHUM
1824 432 2482 503 QUATRIDUANUM-

3375 448 3481 513 982

203 528 302 579 καὶ
353 523 651 591 ὲπιγνῶσιν
679 526 739 581 δν
759 528 818 581 ἐν
840 530 916 602 τῷ
952 531 1110 602 τάφῳ
1168 532 1544 588 κατέκλεισαν.
1580 553 1597 585 ι
1622 534 1793 605 Δεῦρο

1900 536 2011 592 rint
2050 538 2156 609 ipsi
2204 556 2417 609 pannos
2459 543 2913 616 circumpositas,
2954 551 3320 625 noverintque
3350 571 3477 615 eum

203 615 332 680 ἔξω.
348 637 366 669 ι
385 617 666 690 Ζωὼθητι,
684 620 776 674 καὶ
789 620 1094 695 ψηώθητι,
1114 627 1208 679 καὶ
1227 626 1294 698 βη
1304 628 1432 697 ματί
1441 644 1538 692 σας
1554 628 1651 699 τῆς
1663 629 1793 701 λάρ-

204 724 372 771 νακος
437 707 596 777 ἔξιθι.
646 713 868 778 Δίδαξον
925 717 1045 782 πῶς
1075 719 1133 771 ὲν
1151 720 1282 791 ῥιπῇ
1344 722 1451 773 πᾶν
1484 721 1544 774 τὸ
1567 721 1792 793 πλάσμα

202 799 494 871 ψυχοῦται,
555 803 654 875 τὴν
718 807 905 879 κοινὴν
961 808 1070 863 τῶν
1129 811 1343 884 νεκρῶν
1369 813 1671 868 ἀνάστασιν
1694 817 1792 887 τῆς

205 891 395 961 φωνῆς
428 894 800 968 ἀποτελούσης
829 901 931 969 τῆς
954 901 1279 971 σάλπιγγος.
1313 905 1513 977 «Δεῦρο
1542 904 1667 971 ἔξω.
1686 926 1703 958 ι
1725 908 1793 960 Ἠ

206 985 347 1053 πνοὴ
382 988 439 1039 ὲν
475 987 620 1058 ῥισίν
651 1005 665 1019 ο
689 991 745 1043 αἱ
776 991 973 1060 φλέϐες
1006 995 1239 1065 αἵματος
1265 996 1488 1068 πλήρεις
1519 1015 1531 1029 ’
1566 1002 1600 1070 ἡ
1640 1000 1793 1071 φωνὴ

205 1077 305 1129 ἐπὶ
342 1079 672 1152 φάρυγγος·
734 1086 792 1138 ἐν
838 1086 975 1140 ὠσὶν
1029 1090 1057 1142 6
1108 1089 1264 1159 λόγος
1299 1108 1314 1123 ο
1380 1093 1436 1145 ὲν
1493 1093 1795 1165 ὀφθαλμοῖς

202 1172 269 1225 τὸ
332 1176 467 1245 ὸρᾷν
500 1192 515 1206 ⁸
555 1177 647 1229 ἐπὶ
676 1177 862 1249 χώρας
885 1182 917 1248 ἡ
975 1181 1247 1253 ὄσφρησις
1284 1200 1299 1215 ο
1350 1186 1383 1256 ἡ
1413 1185 1623 1256 βάδισις
1654 1189 1795 1243 κατά

204 1264 371 1333 φύσιν
408 1284 420 1297 ·
457 1270 550 1321 καὶ
578 1271 685 1323 πᾶν
719 1272 779 1324 τὸ
809 1273 1008 1341 σκῆνος
1038 1275 1365 1346 ὲμψυχωθὲν
1414 1277 1791 1350 ἑξωργάνωτο.

210 1375 233 1409 σ
255 1357 425 1429 Δεῦρο
454 1360 575 1425 ἔξω.
609 1379 627 1412 ι
656 1362 889 1416 Ἀπόθου
918 1366 983 1418 τὰ
1010 1368 1325 1437 σπάργανα,
1348 1371 1442 1423 καὶ
1472 1372 1699 1441 ἀνύμνει
1725 1376 1793 1429 τὰ

206 1450 484 1521 θαύματα’
509 1454 712 1508 ἀπόθου
737 1457 834 1527 τῆς
858 1458 1126 1524 δυσωδίας
1146 1461 1245 1533 τὴν
1271 1463 1486 1533 ἀηδίαν,
1507 1468 1601 1519 καὶ
1627 1484 1796 1538 προσο

205 1542 360 1597 κύνει
376 1548 475 1613 τῆς
497 1546 620 1614 ὲξου
631 1549 751 1613 σίας
768 1550 865 1621 τὴν
884 1553 1192 1609 αὑθεντίαν.
1210 1556 1357 1626 Ἐγώ
1382 1575 1462 1611 σοι
1489 1560 1790 1627 ἐπιτάσσω,

212 1654 232 1685 ι
258 1636 428 1707 Δεῦρο
459 1638 615 1705 ἔξω.»
649 1642 678 1693 6
713 1641 903 1709 είπὼν,
939 1663 957 1696 ι
983 1646 1276 1717 Γενηθήτω
1331 1648 1467 1719 φῶς,
1504 1651 1794 1724 Γενηθήτω

206 1728 521 1801 στερέωμα.
542 1751 560 1784 ι
596 1733 738 1802 Ἐγώ
772 1752 854 1789 σοι
876 1739 1353 1812 παρακελεύομαι,
1389 1761 1407 1793 ι
1430 1744 1602 1813 Δεῦρο
1627 1745 1747 1811 ἔξω.
1766 1766 1784 1798 ι

206 1818 327 1871 Ἵνα
360 1822 478 1895 ἴδῃς
497 1840 563 1893 με
584 1824 687 1879 ὑπὸ
707 1827 954 1899 μαθητοῦ
977 1832 1387 1903 προδιδόμενον,
1410 1837 1496 1889 καὶ
1513 1837 1791 1903 Ἰουδαίοις

1894 646 2055 701 quem
2086 631 2138 685 in
2179 635 2391 689 tumulo
2419 636 2757 692 clauserant.
2798 657 2816 691 ι
2859 637 2994 696 Veni
3023 639 3196 700 foras.
3240 664 3260 699 ο
3296 644 3478 704 Vivifi-

1894 737 2046 787 care,
2097 726 2348 781 animare
2387 744 2401 780 :
2435 741 2501 782 ac
2574 729 2834 799 gradiens
2879 732 2968 786 exi
3029 731 3258 791 feretro.
3332 736 3480 796 Doce

1895 816 2174 885 quomodo
2208 816 2528 889 figmentum
2558 826 2726 875 totum
2747 821 2802 877 in
2825 823 2938 878 ictu
2968 826 3113 880 oculi
3143 827 3481 886 sitaniman-

1894 908 2045 974 dum,
2078 924 2430 968 communem
2477 922 2818 971 mortuorum
2854 920 3319 978 resurrectionem
3346 940 3480 979 con-

1896 999 2114 1058 ficiente
2147 1006 2499 1061 voce‘tubae.
2555 1025 2574 1059 ι
2618 1005 2751 1062 Veni
2786 1010 2956 1063 foras.
2985 1030 3005 1063 ι
3043 1010 3140 1067 Est
3166 1012 3397 1085 spiritus
3423 1018 3477 1072 in

1896 1092 2157 1159 naribus;
2202 1109 2353 1150 venae
2401 1095 2571 1165 plena:
2600 1107 2731 1154 sunt
2762 1101 3063 1172 sanguine;
3103 1118 3212 1159 vox
3254 1105 3313 1161 in
3352 1114 3477 1179 gut-

1897 1190 2043 1246 ture,
2076 1184 2132 1239 in
2157 1185 2388 1243 auribus
2415 1203 2619 1255 sermo,
2647 1190 2700 1245 in
2735 1191 2917 1250 oculis
2943 1193 3110 1264 visio,
3139 1195 3385 1255 olfactus
3420 1199 3476 1254 in

1896 1278 2332 1346 conceptaculis,
2392 1294 2620 1351 gressus
2680 1282 2986 1339 secundum
3043 1296 3297 1346 naturam
3341 1307 3357 1347 :
3395 1298 3479 1347 to-

1897 1372 2124 1437 tumque
2171 1370 2593 1427 tabernaculum
2645 1375 2955 1434 vivificante
3007 1381 3215 1449 anima,
3269 1383 3322 1438 in
3376 1398 3478 1439 sua

1896 1473 2101 1528 organa
2164 1459 2462 1519 formatum
2524 1472 2631 1523 est.
2688 1486 2707 1519 ι
2747 1467 2882 1524 Veni
2946 1471 3121 1528 foras.
3171 1494 3191 1528 ι
3261 1473 3481 1547 Depone

1896 1549 2119 1616 fascias,
2149 1560 2203 1607 et
2239 1554 2470 1612 decanta
2503 1558 2813 1616 miracula:
2850 1563 3064 1635 depone
3115 1568 3482 1625 maleolentiae

1895 1640 2311 1709 iusuavitatem,
2342 1655 2396 1703 et
2427 1650 2593 1706 adora
2619 1656 2917 1723 potestatis
2937 1658 3343 1716 auctoritatem.
3368 1660 3480 1733 Ego

1896 1732 1992 1786 tibi
2023 1736 2302 1806 praecipio,
2331 1758 2350 1791 ι
2392 1738 2526 1797 Veni
2562 1743 2732 1807 foras.
2773 1764 2793 1799 ι
2822 1749 2915 1818 qui
2951 1749 3065 1804 dixi
3092 1769 3106 1806 :
3138 1768 3158 1803 ι
3199 1732 3433 1808 Fiat-lus
3461 1770 3477 1818 ;

1894 1821 2016 1879 Fiat
2059 1827 2486 1887 firmamentum.
2524 1851 2543 1885 ι
2585 1835 2692 1907 Ego
2719 1838 3020 1910 tibijulteo,
3056 1861 3074 1894 ι
3100 1838 3236 1897 Veni
3257 1841 3427 1900 foras.
3454 1862 3473 1898 ι

202 1911 719 1986 ἀπεμπολούμενον,
767 1921 1003 1975 Πιλάτου
1055 1925 1380 1997 κρινόμενον
1424 1927 1649 2000 βήματι.
1698 1933 1793 1987 καὶ

1898 1913 1966 1971 Ut
2006 1934 2089 1974 me
2114 1937 2142 1975 a
2177 1921 2453 1994 discipulo
2482 1903 2687 1983 videris
2715 1903 3084 1999 traditum,et
3109 1933 3316 1992 Judmis
3343 1952 3478 1993 ven-

203 2006 345 2074 πρὸς
378 2008 438 2060 τὸ
460 2009 632 2075 πάθος
675 2013 917 2068 ἐθελοντὶ
957 2016 1331 2088 ἀπαγόμενον.
1357 2021 1477 2075 Ἵνα
1498 2020 1614 2094 ἴδῃς
1660 2024 1795 2078 Ἰου-

202 2096 372 2150 δαίων
403 2098 738 2173 θρασύτητα,
763 2107 945 2175 κάμοῦ
966 2108 1063 2179 τὴν
1083 2109 1388 2183 πραότητα.
1417 2111 1614 2183 «Δεῦρο
1631 2113 1755 2179 ἔξω.
1771 2136 1789 2169 ι

207 2186 330 2241 Ἰνα
360 2188 477 2263 ἴδῃς
503 2192 639 2262 μετά
657 2194 871 2266 λῃστῶν
901 2215 965 2267 με
987 2199 1412 2271 σταυρούμενον,
1441 2201 1561 2267 ὅξος
1582 2205 1677 2258 καὶ
1704 2224 1795 2277 χο-

203 2278 305 2350 λὴν
326 2282 699 2355 ποτιζόμενον,
729 2290 823 2343 καὶ
844 2289 1016 2363 λόγχῃ
1032 2291 1133 2363 τὴν
1159 2293 1406 2365 πλευρὰν
1430 2298 1791 2368 τυπτόμενον·

206 2372 299 2427 ἶνα
328 2373 445 2446 ἴδῃς
468 2379 527 2431 ὲν
554 2380 741 2453 ἡμέρᾳ
774 2383 917 2457 μέσῃ
940 2384 999 2437 τὸ
1038 2385 1155 2454 φῶς
1212 2390 1667 2460 τυραννούμενον,
1702 2394 1794 2447 καὶ

204 2462 382 2521 νύκτα
432 2467 525 2521 τὸν
560 2471 713 2541 ἥλιον
762 2476 1190 2544 συσκιάζουσαν,
1229 2479 1520 2546 Ἰουδαίους
1546 2483 1794 2557 βλασφη-

208 2556 471 2627 μοῦντας,
500 2563 591 2615 καὶ
644 2564 847 2639 λῃστὴν
876 2569 1253 2640 θεολογοῦντα.
1298 2591 1315 2625 ι
1342 2576 1583 2647 Λάζαρε,
1633 2578 1794 2649 δεῦρο

205 2641 366 2705 ἔξω.)
396 2646 502 2701 Καὶ
529 2648 731 2716 εὐθέως
754 2654 975 2723 ἐξῆλθεν
1003 2660 1030 2710 ὁ
1050 2660 1349 2731 τεθνηκὼς,
1375 2664 1665 2734 δεδεμένος
1694 2669 1793 2732 τὰς

202 2738 396 2805 χεῖρας
450 2742 542 2794 καὶ
600 2746 726 2809 τοῦς
775 2749 941 2814 πόδας
980 2753 1254 2823 κειρίαις,
1287 2756 1381 2809 καὶ
1418 2746 1599 2828 ἡδψις
1628 2760 1791 2814 αὑτοῦ

207 2828 481 2901 σουδαρίῳ
528 2838 887 2907 περιεδέδετο.
946 2860 964 2893 a
1009 2844 1111 2899 Διά
1136 2846 1197 2899 τὸ
1235 2847 1465 2902 ἄπιστον
1505 2851 1613 2905 τῶν
1664 2854 1794 2907 ἰου-

202 2922 404 3017 δαίωνζ
425 2928 486 2981 ΕΞ
512 2929 620 3002 γὰρ
652 2935 725 3004 μὴ
758 2938 1071 3005 περιέκειτο
1087 2941 1154 2994 τὰ
1182 2943 1449 3013 ὲπιτάφια
1475 2946 1789 3017 σπάργανα,

205 3016 355 3081 εἰκὸς
376 3015 443 3090 ἦν
469 3022 709 3087 ἐκείνους
734 3028 938 3081 εἰπεῖν·
974 3031 1047 3083 Ού
1079 3031 1357 3099 τεθνήκει,
1411 3037 1526 3090 ἀλλ’
1562 3039 1621 3091 ἐν
1654 3041 1792 3110 σχή-

211 3127 345 3179 ματι
398 3115 597 3185 νεκροῦ
648 3116 809 3187 δῆθεν
874 3120 1171 3191 ὑπεισῆλθε
1229 3125 1308 3194 τῷ
1365 3130 1633 3200 μνήματι.
1688 3133 1789 3187 Διά

1894 2008 2111 2067 ditum:
2151 2024 2207 2069 ut
2234 2031 2334 2086 pro
2362 2018 2624 2075 tribunali
2658 2020 2823 2079 Pilali
2868 2025 3203 2095 judicatum,
3254 2038 3480 2100 sponte.

1896 2118 2003 2173 que
2033 2104 2100 2159 ad
2139 2107 2456 2177 passionem
2482 2112 2803 2172 abductum.
2827 2113 2899 2171 Ut
2930 2116 3139 2175 videris
3159 2117 3476 2176 Iudaeorum

1894 2194 2155 2252 etfrenem
2218 2200 2562 2271 audaciam,
2614 2216 2669 2261 et
2736 2224 2912 2266 meam
2972 2213 3473 2269 mansuetudinem.
3531 2243 3535 2247 ν

1900 2306 1920 2340 ι
1960 2287 2097 2344 Veni
2127 2289 2294 2350 foras.
2340 2316 2358 2348 ι
2394 2293 2464 2352 Ut
2505 2296 2715 2356 videris
2740 2316 2868 2357 cum
2894 2302 3206 2361 latronibus
3254 2304 3475 2361 affixum

1896 2382 2047 2437 cruci
2085 2401 2099 2438 :
2134 2383 2259 2441 felle
2289 2398 2345 2444 et
2375 2400 2532 2445 aceto
2566 2400 2837 2463 putatum,
2862 2410 2926 2451 ac
2959 2396 3150 2452 lancea
3182 2397 3327 2454 latus
3352 2413 3476 2469 per-

1896 2487 2121 2527 cussum
2160 2494 2173 2530 :
2206 2486 2265 2533 ut
2312 2477 2489 2535 lucem
2528 2482 2733 2539 videris
2781 2484 2890 2539 vim
2944 2485 3177 2544 meridie
3229 2502 3475 2559 passam,

1896 2570 2291 2641 nocturnisque
2349 2574 2521 2629 solem
2592 2573 2831 2634 offusum
2902 2580 3191 2643 tenebris,
3256 2579 3478 2639 Judeos

1894 2660 2363 2731 blasphemantes,
2396 2676 2450 2722 et
2489 2668 2764 2725 latronem
2810 2672 3208 2751 edisserentcm
3266 2674 3473 2730 divina.

1902 2774 1918 2806 ι
1952 2753 2174 2821 Lazare,
2213 2758 2336 2811 veni
2374 2758 2545 2815 foras.
2582 2759 2648 2815 Et
2680 2762 2869 2817 statim
2905 2764 3113 2834 prodiit
3164 2765 3259 2837 qui
3300 2764 3478 2821 fuerat

1896 2852 2168 2912 mortuus,
2206 2848 2406 2919 ligatus
2441 2866 2639 2908 manus
2691 2852 2908 2910 institis
2942 2872 2957 2908 :
2996 2864 3052 2910 et
3102 2854 3274 2912 facies
3327 2857 3478 2912 illius

1895 2937 2123 2992 sudario
2152 2948 2275 2995 erat
2308 2941 2497 3011 ligata.
2535 2961 2556 2996 ι
2589 2943 2669 3000 0b
2705 2930 3088 3003 infidelitatem
3130 2945 3475 3003 Judzeorum.

1891 3027 2007 3086 Nisi
2037 3033 2183 3087 enim
2215 3034 2407 3090 fuisset
2455 3036 2747 3094 obvolutus
2804 3040 3204 3112 sepulcralibus
3257 3042 3476 3114 pannis,

1894 3123 2193 3182 verisimile
2230 3136 2315 3184 est
2354 3128 2609 3187 dicturos
2658 3146 2769 3188 non
2817 3132 2990 3191 fuisse
3041 3146 3344 3200 mortuum,
3378 3136 3475 3193 sed

205 3203 368 3258 τοῦτο
390 3208 672 3279 δεδεμένος
698 3214 955 3284 κειρίαις,
979 3217 1071 3269 καὶ
1099 3217 1263 3285 ὄζων,
1282 3224 1375 3273 καὶ
1406 3224 1791 3298 συγκεκαλυμ-

215 3314 221 3315 ,
238 3314 243 3315 ,
264 3294 278 3315 1
324 3314 331 3315 κ
446 3298 454 3312 ⁵
534 3300 558 3315 Π
578 3302 589 3315 Ι
776 3306 787 3315 ⁸
958 3309 979 3315 ’⁸
1137 3311 1146 3315 “
1249 3313 1259 3315 ῦ
1281 3311 1301 3315 L
1321 3313 1329 3315 ’
1344 3313 1354 3315 ⁸
1380 3312 1387 3315 ⁸

1894 3217 2041 3287 quod
2074 3220 2343 3275 ementito
2373 3223 2573 3277 mortui
2596 3223 2786 3280 habitu
2815 3226 3211 3298 subingressus
3240 3234 3389 3284 esset
3420 3228 3475 3284 in

209 3294 371 3365 μένος
401 3298 498 3361 τὰς
531 3300 683 3372 ὄψεις
738 3306 834 3358 σῦν
896 3309 1008 3371 τοῖς
1031 3311 1212 3377 ποσὶν,
1244 3311 1529 3385 ὲξήλλατο,
1560 3316 1645 3371 ἵνα
1682 3335 1791 3391 μη-

204 3385 319 3451 δεὶς
350 3390 603 3463 ἀφορμῆς
626 3394 828 3466 τρόπος
876 3396 1027 3471 δοθῇ.

286 3563 386 3616 «⁸0
405 3565 461 3618 δὲ
482 3567 693 3638 Ἰησοῦς
733 3568 889 3629 εἶπεν
943 3576 1162 3642 αὑτοῖς·
1220 3578 1434 3636 Λύσατε
1487 3584 1650 3639 αὑτὸν
1697 3588 1791 3641 καὶ

204 3654 374 3749 ἄφετε
410 3658 695 3728 ὑπάγειν.»
730 3666 874 3735 Πρὸς
899 3668 960 3721 τὸ
987 3672 1063 3740 μὴ
1088 3670 1235 3741 ἔχειν
1265 3691 1317 3727 τι
1353 3675 1479 3738 τοὺς
1534 3678 1790 3749 ἀγνώμο-

204 3763 307 3810 νας
344 3748 554 3819 λέγειν,
618 3756 818 3822 αὐτοὺς
843 3760 1091 3827 ἐκείνους
1134 3764 1293 3819 λῦσαι
1342 3769 1669 3837 προστάττει
1694 3748 1791 3826 τὸν

205 3839 478 3931 ᾼάζαρον.
512 3844 725 3902 Ὧσανεὶ
748 3850 944 3920 λέγων’
972 3856 1177 3927 Χερσὶν
1199 3858 1431 3923 οἰκείαις
1450 3860 1607 3931 ὑμεῖς
1628 3864 1791 3919 αὑτὸν

205 3930 427 3997 λύσατε,
456 3937 543 3990 ἵνα
610 3942 886 4014 μάρτυρες
922 3941 1018 4017 ἦτε
1053 3947 1146 4001 τοῦ
1182 3948 1485 4020 θαύματος.
1527 3972 1544 4005 ι
1572 3955 1788 4011 Λύσατε

204 4024 389 4090 αὑτὸν,
417 4030 507 4082 καὶ
536 4031 702 4101 ἀφετε
735 4035 1021 4105 ὑπάγειν.ι
1060 4041 1280 4113 Ἐπειδὴ
1316 4046 1409 4098 τοῦ
1468 4047 1785 4119 ἀναστῆναι,

202 4117 266 4169 τὸ
298 4119 583 4193 δεδεμένον
606 4125 840 4191 ἐξελθεῖν
867 4132 965 4185 οὑκ
984 4132 1225 4188 ἔλαττον.
1260 4137 1378 4190 Ἵνα
1414 4137 1487 4208 μὴ
1518 4142 1789 4208 φαντασία

201 4227 288 4272 τις
309 4213 537 4285 νομισθῇ
572 4218 630 4270 τὸ
663 4219 1005 4289 τελούμενον.
1042 4241 1059 4272 ι
1081 4223 1316 4290 Λύσατε,
1355 4229 1519 4297 φησὶν
1556 4229 1738 4285 αὑτόν.
1763 4249 1781 4283 ι

203 4302 323 4355 Ἵνα
359 4306 452 4359 καὶ
490 4307 610 4377 ὄψει
636 4310 728 4363 κιὶ
756 4312 865 4384 ἀφῇ
899 4314 967 4367 δι’
988 4316 1277 4387 ἀκριϐείας
1301 4319 1543 4390 γνοίητε,
1571 4322 1653 4377 ὅτι
1692 4323 1789 4376 αὑ-

200 4395 293 4460 τὸς
322 4393 408 4468 ἦν.
450 4419 469 4451 ι
489 4402 595 4454 Καὶ
619 4403 783 4471 ἄφετε
826 4406 1077 4475 ὑπάγειν.
1106 4428 1123 4460 ι
1168 4410 1399 4481 ἰδωμεν
1425 4413 1471 4465 εί
1504 4415 1785 4486 κατισχύει

200 4485 454 4552 Θάνατος.
492 4492 564 4561 μὴ
607 4494 961 4566 βουληθέντος
989 4500 1146 4570 ἐμοῦ.
1198 4520 1215 4552 ι
1251 4503 1453 4571 ’Ἄφετε
1487 4504 1740 4576 ὑπάγειν.
1762 4526 1779 4558 ι

1895 3320 2334 3368 monumentum.
2366 3311 2666 3386 Propterea
2708 3319 2954 3374 exsilivit
2982 3320 3200 3378 vinetus
3242 3321 3476 3384 institis.

1893 3410 1947 3456 et
1978 3403 2176 3470 fetens,
2226 3404 2476 3477 facieque
2510 3422 2573 3462 ac
2606 3408 2842 3480 pedibus
2882 3410 3044 3468 tectis
3074 3451 3090 3479 ,
3138 3419 3199 3468 ut
3252 3428 3322 3468 ne
3364 3430 3476 3486 qua

1895 3510 2125 3566 prorsus
2160 3498 2390 3555 daretur
2411 3501 2657 3558 occasio.

1973 3609 1990 3640 ι
2034 3588 2181 3643 Dixit
2212 3600 2398 3646 autem
2433 3594 2515 3648 eis
2542 3592 2707 3649 Jesus
2736 3613 2750 3649 :
2782 3594 2994 3653 Solvite
3027 3611 3177 3666 eum,
3213 3607 3267 3655 et
3311 3598 3476 3656 sinite

1894 3680 2068 3737 abire.
2112 3702 2129 3735 ι
2172 3681 2243 3737 Ut
2292 3700 2359 3739 ne
2398 3685 2535 3757 quid
2598 3687 2827 3758 maligni
2893 3689 3114 3758 possint
3171 3706 3473 3762 opponere,

1889 3772 2043 3843 jubet
2079 3782 2136 3827 ut
2166 3775 2268 3844 ipsi
2299 3777 2518 3831 solvant
2544 3775 2837 3834 Lazarum.
2864 3778 3032 3846 Quasi
3054 3781 3201 3837 dicat
3226 3799 3239 3837 :
3262 3781 3476 3840 Vestris

1896 3867 1999 3937 ipsi
2066 3869 2322 3925 manibus
2385 3871 2618 3934 solvite,
2684 3880 2744 3926 ut
2775 3872 2896 3928 sitis
2962 3882 3131 3931 testes
3196 3876 3473 3933 miraculi.

1900 3977 1916 4011 ι
1959 3960 2166 4017 Solvite
2194 3977 2342 4030 eum,
2372 3972 2427 4018 et
2471 3962 2637 4019 sinite
2675 3963 2851 4022 abire.
2892 3984 2911 4018 ι
2942 3964 3177 4033 Quando
3220 3983 3329 4023 non
3367 3970 3475 4023 mi-

1892 4064 1997 4103 nus
2021 4060 2124 4115 est,
2151 4051 2380 4122 ligatum
2413 4053 2635 4118 exiisse,
2674 4070 2837 4125 quam
2874 4057 3269 4114 resurrexisse.
3309 4057 3379 4114 Ut
3405 4077 3475 4116 ne

1892 4157 1997 4212 qua
2055 4143 2239 4199 illusio
2274 4151 2329 4198 et
2381 4144 2564 4201 inanis
2597 4148 2812 4217 species
2856 4148 3274 4204 existimaretur
3322 4152 3472 4222 quod

1892 4232 1993 4288 fuit
2041 4232 2279 4300 factum,
2322 4254 2341 4287 ι
2382 4235 2543 4303 Eum,
2579 4238 2785 4310 inquit,
2821 4240 3038 4296 solvite.
3071 4259 3091 4293 ι
3150 4239 3220 4297 Ut
3258 4250 3312 4297 et
3347 4244 3471 4300 visu

1888 4333 1942 4380 et
1985 4333 2158 4387 tactu,
2214 4334 2372 4383 certo
2426 4344 2550 4384 eum
2599 4328 2775 4387 fuisse
2808 4331 3102 4388 noveritis.
3141 4351 3159 4385 ι
3203 4334 3267 4387 Et
3300 4334 3471 4391 sinite

1888 4414 2063 4470 abire.
2079 4415 2426 4483 tVideamus,
2446 4435 2576 4474 num
2598 4420 2902 4492 quidquam
2916 4437 3065 4479 mors
3080 4426 3369 4496 praevaleat
3383 4443 3471 4483 me

1889 4506 2129 4561 nolente.
2165 4526 2182 4557 ι
2224 4506 2399 4562 Sinite
2448 4509 2622 4565 abire.
2662 4529 2680 4562 ι
2720 4509 2836 4566 Non
2883 4513 3031 4568 enim
3079 4515 3176 4585 qui
3220 4532 3332 4572 non
3393 4518 3468 4573 ita

199 4578 277 4630 Οὐ
311 4581 417 4652 γὰρ
444 4583 610 4638 δεῖται
663 4591 1007 4657 χειραγωγοῦ
1051 4594 1253 4664 νεαρὰν
1308 4597 1432 4666 ἀρτι
1479 4597 1577 4669 τὴν
1634 4600 1783 4669 ζωὴν

1894 4599 2094 4668 pridem
2128 4608 2429 4669 corruptus
2460 4610 2604 4666 erat,
2656 4602 2820 4659 habet
2850 4619 2989 4676 opus
3030 4607 3193 4673 duce,
3239 4618 3467 4681 accepta

199 4669 437 4741 εἰληχὼς
462 4714 477 4737 ,
503 4677 598 4730 καὶ
651 4678 889 4747 βαδίζειν
918 4682 1053 4754 ὀρθὰ
1084 4685 1374 4756 διδαχθεὶς,
1406 4690 1433 4741 6
1469 4691 1575 4762 πρὸ
1599 4691 1781 4761 ὀλίγου

201 4762 453 4835 φθαρείς.
486 4769 729 4824 «Λύσατε
753 4774 943 4838 αὑτὸν,
974 4778 1069 4829 καὶ
1099 4779 1264 4847 ἄφετε
1297 4782 1550 4851 ὑπάγειν.
1576 4803 1593 4835 ι
1629 4787 1785 4854 Δεῖγο

204 4873 302 4925 μα,
336 4860 519 4928 φησιν,
548 4863 789 4928 γενέσθω
815 4868 917 4938 τῆς
942 4869 1132 4940 κοινῆς
1164 4871 1537 4939 ἀναστάσεως,
1565 4875 1653 4929 ὅτε
1682 4877 1783 4945 τῆς

199 4949 411 5019 φθορᾶς
432 4956 512 5017 είς
543 4956 855 5029 ἀφθαρσίαν
933 4963 1243 5036 χωρούσης,
1297 4966 1539 5032 ἅπαντες
1574 4972 1638 5023 ὲκ
1680 4971 1784 5041 γῆς

198 5043 455 5114 χώματος
482 5048 897 5119 ἀναστήσονται.

280 5153 298 5185 ι
320 5136 511 5191 Πολλοὶ
538 5135 633 5193 οῦν
683 5142 929 5209 ἐλθόντες
961 5148 1098 5219 πρὸς
1124 5148 1223 5220 τὴν
1254 5150 1495 5221 Μαρίαν,
1526 5153 1620 5207 καὶ
1655 5153 1781 5208 θεα-

199 5224 427 5294 σάμενοι
455 5227 488 5281 ἀ
516 5231 771 5301 ἐποίησεν
808 5237 836 5288 6
860 5236 1092 5307 Ἰησοῦς,
1155 5240 1488 5295 ἐπίστευσαν
1542 5246 1623 5308 είς
1678 5248 1780 5299 αὑ-

196 5319 312 5372 τόν.
345 5338 363 5371 ι
394 5322 502 5374 Καὶ
550 5326 819 5395 μακάριος
844 5370 857 5391 ,
882 5329 939 5391 ὃς
966 5329 1064 5400 τὴν
1121 5331 1292 5403 καλὴν
1347 5335 1553 5405 ταύτην
1606 5338 1781 5406 ὲμπο-

203 5411 348 5480 ρίαν,
411 5411 508 5484 τὴν
557 5414 740 5469 πίστιν
788 5420 1320 5491 ὲπραγματεύσατο’
1370 5424 1428 5489 ὃς
1480 5426 1555 5498 μὴ
1588 5428 1782 5498 ἐξῆλθε

196 5504 300 5573 τῆς
354 5505 625 5576 Βηθανίας
673 5510 858 5577 κενὸς,
889 5514 1352 5586 ἀπραγμάτευτος
1379 5534 1393 5549 ο
1422 5518 1567 5588 λέγω
1598 5520 1661 5591 δὴ
1682 5523 1783 5592 τῆς

198 5596 457 5664 νηστείας
482 5613 496 5629 ·
525 5597 584 5661 ὃς
614 5599 682 5652 τὰ
716 5600 947 5675 λαμπρά
970 5608 1067 5659 καὶ
1089 5606 1246 5678 τίμια
1267 5606 1472 5678 ταύτης
1489 5610 1557 5662 δι’
1580 5612 1784 5681 ἐγκρα-

198 5688 352 5753 τείας
385 5692 480 5744 καὶ
502 5693 738 5762 ἀτυφίας
784 5697 1088 5767 ἐκτήσατο*
1119 5700 1177 5763 ὃς
1212 5700 1288 5771 τῷ
1311 5699 1531 5771 Χριστῷ
1568 5704 1783 5756 πιστεύσ

200 5795 303 5857 σας
345 5781 555 5849 καλῶς,
609 5787 735 5850 τοὺς
781 5788 982 5854 καλοὺς
1040 5792 1389 5863 μαργαρίτας
1442 5792 1552 5846 τῶν
1614 5792 1780 5847 αὑτοῦ

204 5871 550 5942 διεαγμάτων
578 5878 851 5948 ὠνήσατο,
886 5881 1072 5937 πίστιν
1130 5883 1377 5949 δεδωκὼς
1400 5927 1412 5951 ,
1445 5888 1539 5940 καὶ
1597 5884 1775 5939 λαϐὼν

1886 4690 2049 4745 modo
2081 4691 2190 4744 vita
2220 4691 2444 4760 juvene,
2471 4701 2527 4747 et
2563 4695 2761 4752 doctus
2789 4707 2938 4753 recte
2970 4698 3246 4757 incedere.
3279 4720 3299 4754 ι
3338 4703 3465 4758 Sol-

1884 4781 1993 4834 vite
2037 4796 2184 4844 enm,
2235 4789 2289 4834 et
2338 4782 2504 4836 sinite
2553 4782 2724 4837 ahire.
2766 4803 2783 4835 ι
2822 4784 3205 4851 Communem,
3262 4787 3464 4858 inquit,

1883 4872 2348 4927 resurrectionem
2380 4875 2629 4942 exemplo
2685 4876 2964 4941 exhibeat,
3002 4878 3231 4949 quando
3275 4887 3463 4935 trans-

1884 4970 2049 5019 eunte
2116 4965 2477 5033 corruptione
2514 4965 2569 5019 in
2602 4967 3034 5037 corruptionem,
3059 4984 3250 5026 omnes
3270 4984 3461 5026 resur-

1884 5062 2013 5125 gent
2039 5053 2106 5108 de
2142 5062 2303 5108 terra:
2332 5054 2576 5123 pulvere.

1963 5165 1981 5199 ι
2021 5146 2178 5201 Multi
2204 5160 2335 5215 ergo
2361 5161 2426 5199 ex
2460 5143 2665 5202 Judzeis
2697 5146 2793 5217 qui
2822 5154 3084 5203 venerant
3109 5147 3176 5203 ad
3210 5148 3457 5215 Mariam,

1884 5249 1938 5295 et
1964 5239 2212 5293 viderant
2238 5253 2358 5308 quae
2386 5238 2513 5294 fecit
2542 5236 2700 5295 Jesus
2721 5279 2735 5302 ,
2769 5240 3124 5296 crediderunt
3156 5242 3209 5295 in
3240 5256 3387 5296 eum.
3434 5260 3454 5294 ι

1888 5330 2054 5386 Porro
2089 5331 2280 5404 beatus
2305 5332 2397 5401 qui
2430 5333 2605 5388 bonas
2630 5334 2728 5388 has
2746 5347 2980 5398 merces,
3002 5332 3183 5399 fidem,
3210 5333 3458 5404 inquam,

1887 5400 2452 5487 mercatus’esthni
2478 5439 2586 5476 non
2618 5437 2853 5485 vacuus,
2915 5422 3170 5494 nihilque
3212 5423 3461 5495 negmia-

1887 5520 1977 5569 tus
2008 5512 2295 5579 Bethania,
2331 5512 2459 5569 dico
2508 5521 2687 5569 autem
2729 5513 2942 5584 jejunio
2975 5514 3167 5570 exivit.
3209 5512 3314 5582 Qui
3353 5513 3460 5571 sibi

1887 5621 1985 5672 per
2029 5605 2431 5660 continentiam
2486 5615 2539 5662 et
2589 5605 2915 5661 modestiam
2968 5606 3307 5677 comparavit
3340 5623 3463 5679 qua:

1881 5694 2078 5767 jrjunii
2104 5694 2395 5765 splendida
2426 5686 2561 5751 sunt
2586 5702 2643 5751 et
2669 5696 2932 5767 pretiosa.
2954 5694 3056 5762 Qui
3074 5694 3300 5752 Christo
3321 5695 3462 5753 bene

1884 5790 2138 5855 credens,
2173 5789 2346 5843 bonas
2367 5788 2638 5844 doctrinae
2670 5787 2850 5860 ipsius
2879 5787 3207 5859 margaritas
3230 5787 3458 5853 coemit,

1896 5885 2024 5941 data
2058 5882 2159 5940 fide
2198 5892 2250 5940 ct
2294 5885 2571 5957 agnitione
2602 5895 2847 5957 accepta.
2890 5882 3094 5941 Beatus
3131 5885 3222 5956 qui
3255 5884 3464 5956 nuptiis
