  <div class='ocr_page' id='page_1' title='image "/cluster/home/n/w/nwhite01/storage/ocr_20150623/87/nnc1.0046979751/492.png"; bbox 0 0 4236 6440; ppageno 0'>
   <div class='ocr_carea' id='block_1_1' title="bbox 183 365 293 429">
    <p class='ocr_par' dir='ltr' id='par_1_1' title="bbox 183 365 293 429">
     <span class='ocr_line' id='line_1_1' title="bbox 183 365 293 429; baseline 0.027 -3"><span class='ocrx_word' id='word_1_1' title='bbox 183 365 293 429; x_wconf 78' lang='lat'><strong>985</strong></span> 
     </span>
    </p>
   </div>
   <div class='ocr_carea' id='block_1_2' title="bbox 1380 363 2286 438">
    <p class='ocr_par' dir='ltr' id='par_1_2' title="bbox 1380 363 2286 438">
     <span class='ocr_line' id='line_1_2' title="bbox 1380 363 2286 438; baseline -0.001 -13"><span class='ocrx_word' id='word_1_2' title='bbox 1380 365 1464 426; x_wconf 88' lang='lat' dir='ltr'><strong>IN</strong></span> <span class='ocrx_word' id='word_1_3' title='bbox 1501 364 1760 428; x_wconf 80' lang='lat' dir='ltr'><strong>RAMOS</strong></span> <span class='ocrx_word' id='word_1_4' title='bbox 1811 363 2261 426; x_wconf 76' lang='lat' dir='ltr'><strong>PALMARUM.</strong></span> <span class='ocrx_word' id='word_1_5' title='bbox 2282 435 2286 438; x_wconf 93' lang='lat'><strong>_</strong></span> 
     </span>
    </p>
   </div>
   <div class='ocr_carea' id='block_1_3' title="bbox 3351 360 3457 429">
    <p class='ocr_par' dir='ltr' id='par_1_3' title="bbox 3351 360 3457 429">
     <span class='ocr_line' id='line_1_3' title="bbox 3351 360 3457 429; baseline -0.057 0"><span class='ocrx_word' id='word_1_6' title='bbox 3351 360 3457 429; x_wconf 82' lang='lat'><strong>986</strong></span> 
     </span>
    </p>
   </div>
   <div class='ocr_carea' id='block_1_4' title="bbox 177 465 1765 545">
    <p class='ocr_par' dir='ltr' id='par_1_4' title="bbox 177 469 1765 545">
     <span class='ocr_line' id='line_1_4' title="bbox 177 469 1765 545; baseline -0.003 -18"><span class='ocrx_word' id='word_1_7' title='bbox 177 475 271 545; x_wconf 79' lang='grc' dir='ltr'><strong>δία</strong></span> <span class='ocrx_word' id='word_1_8' title='bbox 321 487 435 526; x_wconf 69' lang='grc' dir='ltr'><strong>σου.</strong></span> <span class='ocrx_word' id='word_1_9' title='bbox 468 471 618 526; x_wconf 73' lang='grc' dir='ltr'><strong>Ἐκεῖ</strong></span> <span class='ocrx_word' id='word_1_10' title='bbox 655 473 682 526; x_wconf 99' lang='lat'><strong>6</strong></span> <span class='ocrx_word' id='word_1_11' title='bbox 716 471 953 544; x_wconf 81' lang='grc' dir='ltr'><strong>Χριστός</strong></span> <span class='ocrx_word' id='word_1_12' title='bbox 988 471 1158 526; x_wconf 63' lang='grc' dir='ltr'><strong>ἔστιν.</strong></span> <span class='ocrx_word' id='word_1_13' title='bbox 1200 469 1350 524; x_wconf 73' lang='grc' dir='ltr'><strong>Ἐκεῖ</strong></span> <span class='ocrx_word' id='word_1_14' title='bbox 1388 469 1554 524; x_wconf 82' lang='grc' dir='ltr'><strong>αὐτοῦ</strong></span> <span class='ocrx_word' id='word_1_15' title='bbox 1603 487 1765 524; x_wconf 88' lang='grc' dir='ltr'><strong>κατα-</strong></span> 
     </span>
    </p>
   </div>
   <div class='ocr_carea' id='block_1_5' title="bbox 1851 465 3455 545">
    <p class='ocr_par' dir='ltr' id='par_1_5' title="bbox 1872 465 3455 540">
     <span class='ocr_line' id='line_1_5' title="bbox 1872 465 3455 540; baseline 0 -16"><span class='ocrx_word' id='word_1_16' title='bbox 1872 469 2059 524; x_wconf 89' lang='lat' dir='ltr'><strong>corde.</strong></span> <span class='ocrx_word' id='word_1_17' title='bbox 2096 468 2194 522; x_wconf 88' lang='lat' dir='ltr'><strong>Est</strong></span> <span class='ocrx_word' id='word_1_18' title='bbox 2252 467 2364 522; x_wconf 92' lang='lat' dir='ltr'><strong>illic</strong></span> <span class='ocrx_word' id='word_1_19' title='bbox 2425 465 2707 523; x_wconf 78' lang='lat' dir='ltr'><strong>Christus.</strong></span> <span class='ocrx_word' id='word_1_20' title='bbox 2743 465 2826 522; x_wconf 87' lang='lat' dir='ltr'><strong>Tu</strong></span> <span class='ocrx_word' id='word_1_21' title='bbox 2875 467 2988 523; x_wconf 78' lang='lat' dir='ltr'><strong>illic</strong></span> <span class='ocrx_word' id='word_1_22' title='bbox 3031 468 3083 525; x_wconf 90' lang='lat' dir='ltr'><strong>ei</strong></span> <span class='ocrx_word' id='word_1_23' title='bbox 3111 483 3455 540; x_wconf 76' lang='lat' dir='ltr'><strong>unguentum</strong></span> 
     </span>
    </p>
   </div>
   <div class='ocr_carea' id='block_1_6' title="bbox 179 562 1768 636">
    <p class='ocr_par' dir='ltr' id='par_1_6' title="bbox 179 562 1768 636">
     <span class='ocr_line' id='line_1_6' title="bbox 179 562 1768 636; baseline -0.001 -18"><span class='ocrx_word' id='word_1_24' title='bbox 179 565 420 619; x_wconf 76' lang='grc' dir='ltr'><strong>κένωσον</strong></span> <span class='ocrx_word' id='word_1_25' title='bbox 461 563 520 618; x_wconf 74' lang='grc' dir='ltr'><strong>τὸ</strong></span> <span class='ocrx_word' id='word_1_26' title='bbox 569 564 762 636; x_wconf 91' lang='grc' dir='ltr'><strong>μῦρον.</strong></span> <span class='ocrx_word' id='word_1_27' title='bbox 798 565 945 618; x_wconf 78' lang='grc' dir='ltr'><strong>Ἐκεῖ</strong></span> <span class='ocrx_word' id='word_1_28' title='bbox 992 563 1060 617; x_wconf 74' lang='grc' dir='ltr'><strong>τὰ</strong></span> <span class='ocrx_word' id='word_1_29' title='bbox 1102 563 1334 634; x_wconf 87' lang='grc' dir='ltr'><strong>δάκρυα.</strong></span> <span class='ocrx_word' id='word_1_30' title='bbox 1368 562 1505 614; x_wconf 72' lang='grc' dir='ltr'><strong>Ἀλλ’</strong></span> <span class='ocrx_word' id='word_1_31' title='bbox 1530 563 1629 616; x_wconf 77' lang='grc' dir='ltr'><strong>οὐκ</strong></span> <span class='ocrx_word' id='word_1_32' title='bbox 1657 562 1768 633; x_wconf 81' lang='grc' dir='ltr'><strong>ἔχω</strong></span> 
     </span>
    </p>
   </div>
   <div class='ocr_carea' id='block_1_7' title="bbox 183 654 1762 729">
    <p class='ocr_par' dir='ltr' id='par_1_7' title="bbox 183 654 1762 729">
     <span class='ocr_line' id='line_1_7' title="bbox 183 654 1762 729; baseline -0.002 -19"><span class='ocrx_word' id='word_1_33' title='bbox 183 656 376 728; x_wconf 82' lang='grc' dir='ltr'><strong>μῦρον,</strong></span> <span class='ocrx_word' id='word_1_34' title='bbox 411 659 598 726; x_wconf 73' lang='grc' dir='ltr'><strong>φησὶν,</strong></span> <span class='ocrx_word' id='word_1_35' title='bbox 641 658 742 710; x_wconf 80' lang='grc' dir='ltr'><strong>οὐκ</strong></span> <span class='ocrx_word' id='word_1_36' title='bbox 783 656 1160 729; x_wconf 71' lang='grc' dir='ltr'><strong>ἀλάϐαστρον.</strong></span> <span class='ocrx_word' id='word_1_37' title='bbox 1207 656 1321 708; x_wconf 82' lang='grc' dir='ltr'><strong>Οὐκ</strong></span> <span class='ocrx_word' id='word_1_38' title='bbox 1368 655 1514 726; x_wconf 80' lang='grc' dir='ltr'><strong>ἔχεις</strong></span> <span class='ocrx_word' id='word_1_39' title='bbox 1555 654 1762 725; x_wconf 73' lang='grc' dir='ltr'><strong>μῦρονς</strong></span> 
     </span>
    </p>
   </div>
   <div class='ocr_carea' id='block_1_8' title="bbox 178 746 1766 822">
    <p class='ocr_par' dir='ltr' id='par_1_8' title="bbox 178 746 1766 822">
     <span class='ocr_line' id='line_1_8' title="bbox 178 746 1766 822; baseline -0.003 -20"><span class='ocrx_word' id='word_1_40' title='bbox 178 749 290 802; x_wconf 76' lang='grc' dir='ltr'><strong>Ναὶ</strong></span> <span class='ocrx_word' id='word_1_41' title='bbox 329 747 473 818; x_wconf 76' lang='grc' dir='ltr'><strong>ἔχεις</strong></span> <span class='ocrx_word' id='word_1_42' title='bbox 507 746 702 821; x_wconf 82' lang='grc' dir='ltr'><strong>μῦρον,</strong></span> <span class='ocrx_word' id='word_1_43' title='bbox 748 748 848 820; x_wconf 81' lang='grc' dir='ltr'><strong>τὴν</strong></span> <span class='ocrx_word' id='word_1_44' title='bbox 879 749 1065 819; x_wconf 81' lang='grc' dir='ltr'><strong>χάριν,</strong></span> <span class='ocrx_word' id='word_1_45' title='bbox 1094 747 1438 822; x_wconf 76' lang='grc' dir='ltr'><strong>ἀλάϐαστρρν</strong></span> <span class='ocrx_word' id='word_1_46' title='bbox 1475 747 1576 817; x_wconf 78' lang='grc' dir='ltr'><strong>τὴν</strong></span> <span class='ocrx_word' id='word_1_47' title='bbox 1626 762 1766 816; x_wconf 89' lang='grc' dir='ltr'><strong>καρ-</strong></span> 
     </span>
    </p>
   </div>
   <div class='ocr_carea' id='block_1_9' title="bbox 177 837 1766 912">
    <p class='ocr_par' dir='ltr' id='par_1_9' title="bbox 177 837 1766 912">
     <span class='ocr_line' id='line_1_9' title="bbox 177 837 1766 912; baseline -0.002 -20"><span class='ocrx_word' id='word_1_48' title='bbox 177 839 319 902; x_wconf 84' lang='grc' dir='ltr'><strong>δίαν,</strong></span> <span class='ocrx_word' id='word_1_49' title='bbox 345 839 554 912; x_wconf 82' lang='grc' dir='ltr'><strong>δάκρυα</strong></span> <span class='ocrx_word' id='word_1_50' title='bbox 580 841 677 910; x_wconf 77' lang='grc' dir='ltr'><strong>τὴν</strong></span> <span class='ocrx_word' id='word_1_51' title='bbox 708 839 1116 911; x_wconf 74' lang='grc' dir='ltr'><strong>ἐξομολόγησιν,</strong></span> <span class='ocrx_word' id='word_1_52' title='bbox 1159 838 1353 910; x_wconf 83' lang='grc' dir='ltr'><strong>τρίχας</strong></span> <span class='ocrx_word' id='word_1_53' title='bbox 1380 839 1504 900; x_wconf 82' lang='grc' dir='ltr'><strong>τοὺς</strong></span> <span class='ocrx_word' id='word_1_54' title='bbox 1535 837 1766 900; x_wconf 69' lang='grc' dir='ltr'><strong>λεπτοὺς</strong></span> 
     </span>
    </p>
   </div>
   <div class='ocr_carea' id='block_1_10' title="bbox 182 929 1771 1005">
    <p class='ocr_par' dir='ltr' id='par_1_10' title="bbox 182 929 1771 1005">
     <span class='ocr_line' id='line_1_10' title="bbox 182 929 1771 1005; baseline -0.002 -20"><span class='ocrx_word' id='word_1_55' title='bbox 182 930 542 1002; x_wconf 80' lang='grc' dir='ltr'><strong>στεναγμούς.</strong></span> <span class='ocrx_word' id='word_1_56' title='bbox 573 932 758 986; x_wconf 91' lang='grc' dir='ltr'><strong>Ταῦτα</strong></span> <span class='ocrx_word' id='word_1_57' title='bbox 800 931 1159 1005; x_wconf 86' lang='grc' dir='ltr'><strong>προσένεγκε,</strong></span> <span class='ocrx_word' id='word_1_58' title='bbox 1191 929 1366 984; x_wconf 85' lang='grc' dir='ltr'><strong>ταῦτα</strong></span> <span class='ocrx_word' id='word_1_59' title='bbox 1403 929 1771 1000; x_wconf 77' lang='grc' dir='ltr'><strong>καθιέρωσαν,-</strong></span> 
     </span>
    </p>
   </div>
   <div class='ocr_carea' id='block_1_11' title="bbox 179 1021 1762 1099">
    <p class='ocr_par' dir='ltr' id='par_1_11' title="bbox 179 1021 1762 1099">
     <span class='ocr_line' id='line_1_11' title="bbox 179 1021 1762 1099; baseline -0.002 -21"><span class='ocrx_word' id='word_1_60' title='bbox 179 1027 276 1078; x_wconf 76' lang='grc' dir='ltr'><strong>καὶ</strong></span> <span class='ocrx_word' id='word_1_61' title='bbox 332 1025 478 1096; x_wconf 75' lang='grc' dir='ltr'><strong>λήψῃ</strong></span> <span class='ocrx_word' id='word_1_62' title='bbox 522 1024 620 1095; x_wconf 79' lang='grc' dir='ltr'><strong>τὴν</strong></span> <span class='ocrx_word' id='word_1_63' title='bbox 662 1025 877 1093; x_wconf 76' lang='grc' dir='ltr'><strong>ἄφεσιν.</strong></span> <span class='ocrx_word' id='word_1_64' title='bbox 933 1022 1214 1092; x_wconf 67' lang='grc' dir='ltr'><strong>Παπαχοῦ</strong></span> <span class='ocrx_word' id='word_1_65' title='bbox 1262 1024 1410 1074; x_wconf 81' lang='grc' dir='ltr'><strong>ἐστιν</strong></span> <span class='ocrx_word' id='word_1_66' title='bbox 1445 1021 1762 1099; x_wconf 31' lang='grc' dir='ltr'><strong>όΪΧριστός.</strong></span> 
     </span>
    </p>
   </div>
   <div class='ocr_carea' id='block_1_12' title="bbox 180 1112 1766 1187">
    <p class='ocr_par' dir='ltr' id='par_1_12' title="bbox 180 1112 1766 1187">
     <span class='ocr_line' id='line_1_12' title="bbox 180 1112 1766 1187; baseline -0.004 -17"><span class='ocrx_word' id='word_1_67' title='bbox 180 1117 466 1186; x_wconf 79' lang='grc' dir='ltr'><strong>Πανταχοῦ</strong></span> <span class='ocrx_word' id='word_1_68' title='bbox 503 1116 839 1187; x_wconf 77' lang='grc' dir='ltr'><strong>καλούμενος</strong></span> <span class='ocrx_word' id='word_1_69' title='bbox 895 1117 1150 1182; x_wconf 82' lang='grc' dir='ltr'><strong>πάρεστι.</strong></span> <span class='ocrx_word' id='word_1_70' title='bbox 1185 1115 1359 1167; x_wconf 84' lang='grc' dir='ltr'><strong>Μόνον</strong></span> <span class='ocrx_word' id='word_1_71' title='bbox 1413 1112 1488 1184; x_wconf 83' lang='grc' dir='ltr'><strong>μὴ</strong></span> <span class='ocrx_word' id='word_1_72' title='bbox 1549 1112 1766 1184; x_wconf 82' lang='grc' dir='ltr'><strong>παρίτω</strong></span> 
     </span>
    </p>
   </div>
   <div class='ocr_carea' id='block_1_13' title="bbox 191 1203 1765 1280">
    <p class='ocr_par' dir='ltr' id='par_1_13' title="bbox 191 1203 1765 1280">
     <span class='ocr_line' id='line_1_13' title="bbox 191 1203 1765 1280; baseline -0.004 -18"><span class='ocrx_word' id='word_1_73' title='bbox 191 1209 430 1272; x_wconf 76' lang='grc' dir='ltr'><strong>Ἰούδαςο</strong></span> <span class='ocrx_word' id='word_1_74' title='bbox 481 1209 642 1279; x_wconf 89' lang='grc' dir='ltr'><strong>μόνον</strong></span> <span class='ocrx_word' id='word_1_75' title='bbox 690 1207 867 1280; x_wconf 82' lang='grc' dir='ltr'><strong>ὀρθῶς</strong></span> <span class='ocrx_word' id='word_1_76' title='bbox 900 1205 1208 1260; x_wconf 76' lang='grc' dir='ltr'><strong>καλείσθωο</strong></span> <span class='ocrx_word' id='word_1_77' title='bbox 1263 1207 1426 1277; x_wconf 82' lang='grc' dir='ltr'><strong>μόνον</strong></span> <span class='ocrx_word' id='word_1_78' title='bbox 1477 1205 1665 1260; x_wconf 82' lang='grc' dir='ltr'><strong>ἄδολον</strong></span> <span class='ocrx_word' id='word_1_79' title='bbox 1706 1203 1765 1256; x_wconf 82' lang='grc' dir='ltr'><strong>τὸ</strong></span> 
     </span>
    </p>
   </div>
   <div class='ocr_carea' id='block_1_14' title="bbox 175 1296 1764 1371">
    <p class='ocr_par' dir='ltr' id='par_1_14' title="bbox 175 1296 1764 1371">
     <span class='ocr_line' id='line_1_14' title="bbox 175 1296 1764 1371; baseline -0.003 -17"><span class='ocrx_word' id='word_1_80' title='bbox 175 1300 393 1355; x_wconf 81' lang='grc' dir='ltr'><strong>δεῖπνον</strong></span> <span class='ocrx_word' id='word_1_81' title='bbox 419 1301 578 1354; x_wconf 75' lang='grc' dir='ltr'><strong>ἔστω.</strong></span> <span class='ocrx_word' id='word_1_82' title='bbox 602 1299 768 1354; x_wconf 87' lang='grc' dir='ltr'><strong>Γενοῦ</strong></span> <span class='ocrx_word' id='word_1_83' title='bbox 805 1299 1010 1371; x_wconf 80' lang='grc' dir='ltr'><strong>Σίμων,</strong></span> <span class='ocrx_word' id='word_1_84' title='bbox 1047 1301 1095 1352; x_wconf 85' lang='grc' dir='ltr'><strong>εί</strong></span> <span class='ocrx_word' id='word_1_85' title='bbox 1132 1299 1347 1370; x_wconf 75' lang='grc' dir='ltr'><strong>βούλει·</strong></span> <span class='ocrx_word' id='word_1_86' title='bbox 1388 1299 1647 1352; x_wconf 82' lang='grc' dir='ltr'><strong>κέλευσον</strong></span> <span class='ocrx_word' id='word_1_87' title='bbox 1673 1296 1764 1350; x_wconf 80' lang='grc' dir='ltr'><strong>τὸν</strong></span> 
     </span>
    </p>
   </div>
   <div class='ocr_carea' id='block_1_15' title="bbox 177 1390 1763 1464">
    <p class='ocr_par' dir='ltr' id='par_1_15' title="bbox 177 1390 1763 1464">
     <span class='ocr_line' id='line_1_15' title="bbox 177 1390 1763 1464; baseline -0.001 -18"><span class='ocrx_word' id='word_1_88' title='bbox 177 1393 477 1458; x_wconf 72' lang='grc' dir='ltr'><strong>Δεσπότην.</strong></span> <span class='ocrx_word' id='word_1_89' title='bbox 519 1393 680 1447; x_wconf 76' lang='grc' dir='ltr'><strong>Ἀλλά</strong></span> <span class='ocrx_word' id='word_1_90' title='bbox 711 1393 784 1464; x_wconf 80' lang='grc' dir='ltr'>μὴ</span> <span class='ocrx_word' id='word_1_91' title='bbox 821 1393 1082 1464; x_wconf 80' lang='grc' dir='ltr'><strong>διστάσῃς</strong></span> <span class='ocrx_word' id='word_1_92' title='bbox 1123 1394 1198 1456; x_wconf 82' lang='grc' dir='ltr'><strong>ὡς</strong></span> <span class='ocrx_word' id='word_1_93' title='bbox 1242 1394 1556 1463; x_wconf 78' lang='grc' dir='ltr'><strong>Φαρισαῖος.</strong></span> <span class='ocrx_word' id='word_1_94' title='bbox 1591 1390 1763 1445; x_wconf 81' lang='grc' dir='ltr'><strong>Κάλει</strong></span> 
     </span>
    </p>
   </div>
   <div class='ocr_carea' id='block_1_16' title="bbox 176 1480 1764 1555">
    <p class='ocr_par' dir='ltr' id='par_1_16' title="bbox 176 1480 1764 1555">
     <span class='ocr_line' id='line_1_16' title="bbox 176 1480 1764 1555; baseline 0.001 -23"><span class='ocrx_word' id='word_1_95' title='bbox 176 1485 268 1537; x_wconf 77' lang='grc' dir='ltr'><strong>τὸν</strong></span> <span class='ocrx_word' id='word_1_96' title='bbox 305 1483 582 1554; x_wconf 75' lang='grc' dir='ltr'><strong>πανταχοῦ</strong></span> <span class='ocrx_word' id='word_1_97' title='bbox 618 1484 865 1554; x_wconf 78' lang='grc' dir='ltr'><strong>παρόντα</strong></span> <span class='ocrx_word' id='word_1_98' title='bbox 897 1499 911 1514; x_wconf 78' lang='grc' dir='ltr'><strong>ο</strong></span> <span class='ocrx_word' id='word_1_99' title='bbox 968 1483 1104 1537; x_wconf 73' lang='grc' dir='ltr'><strong>ἀλλὰ</strong></span> <span class='ocrx_word' id='word_1_100' title='bbox 1153 1483 1226 1555; x_wconf 79' lang='grc' dir='ltr'><strong>μὴ</strong></span> <span class='ocrx_word' id='word_1_101' title='bbox 1282 1481 1626 1554; x_wconf 70' lang='grc' dir='ltr'><strong>συγκαλέσῃς</strong></span> <span class='ocrx_word' id='word_1_102' title='bbox 1671 1480 1764 1535; x_wconf 74' lang='grc' dir='ltr'><strong>τὸν</strong></span> 
     </span>
    </p>
   </div>
   <div class='ocr_carea' id='block_1_17' title="bbox 192 1556 1763 1645">
    <p class='ocr_par' dir='ltr' id='par_1_17' title="bbox 192 1572 1763 1645">
     <span class='ocr_line' id='line_1_17' title="bbox 192 1572 1763 1645; baseline -0.001 -18"><span class='ocrx_word' id='word_1_103' title='bbox 192 1575 412 1629; x_wconf 77' lang='grc' dir='ltr'><strong>Ἰούδαν.</strong></span> <span class='ocrx_word' id='word_1_104' title='bbox 439 1573 603 1627; x_wconf 89' lang='grc' dir='ltr'><strong>Γενοῦ</strong></span> <span class='ocrx_word' id='word_1_105' title='bbox 624 1574 894 1644; x_wconf 77' lang='grc' dir='ltr'><strong>Λάζαρος,</strong></span> <span class='ocrx_word' id='word_1_106' title='bbox 919 1575 968 1626; x_wconf 88' lang='grc' dir='ltr'><strong>εί</strong></span> <span class='ocrx_word' id='word_1_107' title='bbox 1003 1573 1202 1644; x_wconf 78' lang='grc' dir='ltr'><strong>βούλει,</strong></span> <span class='ocrx_word' id='word_1_108' title='bbox 1229 1573 1305 1645; x_wconf 80' lang='grc' dir='ltr'><strong>τῷ</strong></span> <span class='ocrx_word' id='word_1_109' title='bbox 1337 1573 1529 1645; x_wconf 81' lang='grc' dir='ltr'><strong>κόσμῳ</strong></span> <span class='ocrx_word' id='word_1_110' title='bbox 1558 1572 1763 1644; x_wconf 78' lang='grc' dir='ltr'><strong>νεκρὼ-</strong></span> 
     </span>
    </p>
   </div>
   <div class='ocr_carea' id='block_1_18' title="bbox 180 1662 1763 1738">
    <p class='ocr_par' dir='ltr' id='par_1_18' title="bbox 180 1662 1763 1738">
     <span class='ocr_line' id='line_1_18' title="bbox 180 1662 1763 1738; baseline 0.001 -21"><span class='ocrx_word' id='word_1_111' title='bbox 180 1683 364 1736; x_wconf 79' lang='grc' dir='ltr'><strong>μενος,</strong></span> <span class='ocrx_word' id='word_1_112' title='bbox 400 1665 539 1729; x_wconf 76' lang='grc' dir='ltr'><strong>ὄζων</strong></span> <span class='ocrx_word' id='word_1_113' title='bbox 573 1669 685 1730; x_wconf 83' lang='grc' dir='ltr'><strong>τοῖς</strong></span> <span class='ocrx_word' id='word_1_114' title='bbox 727 1664 974 1737; x_wconf 74' lang='grc' dir='ltr'><strong>μώλωψι,</strong></span> <span class='ocrx_word' id='word_1_115' title='bbox 1011 1665 1111 1737; x_wconf 81' lang='grc' dir='ltr'><strong>τὴν</strong></span> <span class='ocrx_word' id='word_1_116' title='bbox 1143 1668 1353 1738; x_wconf 81' lang='grc' dir='ltr'><strong>σιωπὴν</strong></span> <span class='ocrx_word' id='word_1_117' title='bbox 1391 1666 1465 1729; x_wconf 88' lang='grc' dir='ltr'><strong>ὠς</strong></span> <span class='ocrx_word' id='word_1_118' title='bbox 1495 1662 1640 1719; x_wconf 72' lang='grc' dir='ltr'><strong>λίθον</strong></span> <span class='ocrx_word' id='word_1_119' title='bbox 1671 1667 1763 1720; x_wconf 76' lang='grc' dir='ltr'><strong>ἐπὶ</strong></span> 
     </span>
    </p>
   </div>
   <div class='ocr_carea' id='block_1_19' title="bbox 180 1755 1760 1826">
    <p class='ocr_par' dir='ltr' id='par_1_19' title="bbox 180 1755 1760 1826">
     <span class='ocr_line' id='line_1_19' title="bbox 180 1755 1760 1826; baseline 0.001 -18"><span class='ocrx_word' id='word_1_120' title='bbox 180 1757 450 1826; x_wconf 79' lang='grc' dir='ltr'><strong>στόματος</strong></span> <span class='ocrx_word' id='word_1_121' title='bbox 481 1755 638 1826; x_wconf 81' lang='grc' dir='ltr'><strong>ἔχων.</strong></span> <span class='ocrx_word' id='word_1_122' title='bbox 669 1756 888 1810; x_wconf 71' lang='grc' dir='ltr'><strong>Μᾶλλον</strong></span> <span class='ocrx_word' id='word_1_123' title='bbox 907 1757 963 1810; x_wconf 81' lang='grc' dir='ltr'><strong>δὲ</strong></span> <span class='ocrx_word' id='word_1_124' title='bbox 999 1757 1150 1826; x_wconf 84' lang='grc' dir='ltr'><strong>φίλος</strong></span> <span class='ocrx_word' id='word_1_125' title='bbox 1183 1755 1344 1825; x_wconf 81' lang='grc' dir='ltr'><strong>γενοῦ</strong></span> <span class='ocrx_word' id='word_1_126' title='bbox 1375 1756 1640 1826; x_wconf 80' lang='grc' dir='ltr'><strong>πρότερον</strong></span> <span class='ocrx_word' id='word_1_127' title='bbox 1669 1755 1760 1810; x_wconf 88' lang='grc' dir='ltr'><strong>τοῦ</strong></span> 
     </span>
    </p>
   </div>
   <div class='ocr_carea' id='block_1_20' title="bbox 1871 556 3454 629">
    <p class='ocr_par' dir='ltr' id='par_1_20' title="bbox 1871 556 3454 629">
     <span class='ocr_line' id='line_1_20' title="bbox 1871 556 3454 629; baseline -0.001 -15"><span class='ocrx_word' id='word_1_128' title='bbox 1871 557 2111 614; x_wconf 71' lang='lat' dir='ltr'><strong>effunde.</strong></span> <span class='ocrx_word' id='word_1_129' title='bbox 2149 557 2270 612; x_wconf 81' lang='lat' dir='ltr'><strong>Sitit</strong></span> <span class='ocrx_word' id='word_1_130' title='bbox 2297 556 2408 611; x_wconf 87' lang='lat' dir='ltr'><strong>illic</strong></span> <span class='ocrx_word' id='word_1_131' title='bbox 2439 557 2720 628; x_wconf 69' lang='lat' dir='ltr'><strong>lacrymae.</strong></span> <span class='ocrx_word' id='word_1_132' title='bbox 2751 559 2843 621; x_wconf 85' lang='lat' dir='ltr'><strong>At,</strong></span> <span class='ocrx_word' id='word_1_133' title='bbox 2878 558 3079 626; x_wconf 85' lang='lat' dir='ltr'><strong>inquit,</strong></span> <span class='ocrx_word' id='word_1_134' title='bbox 3114 568 3454 629; x_wconf 75' lang='lat' dir='ltr'><strong>unguentum</strong></span> 
     </span>
    </p>
   </div>
   <div class='ocr_carea' id='block_1_21' title="bbox 1871 647 3458 722">
    <p class='ocr_par' dir='ltr' id='par_1_21' title="bbox 1871 647 3458 722">
     <span class='ocr_line' id='line_1_21' title="bbox 1871 647 3458 722; baseline -0.001 -18"><span class='ocrx_word' id='word_1_135' title='bbox 1871 650 2215 714; x_wconf 86' lang='lat' dir='ltr'><strong>non-habeo,</strong></span> <span class='ocrx_word' id='word_1_136' title='bbox 2271 649 2380 704; x_wconf 86' lang='lat' dir='ltr'><strong>no&#39;n</strong></span> <span class='ocrx_word' id='word_1_137' title='bbox 2433 649 2797 705; x_wconf 74' lang='lat' dir='ltr'><strong>alabastrum.</strong></span> <span class='ocrx_word' id='word_1_138' title='bbox 2840 647 2960 704; x_wconf 85' lang='lat' dir='ltr'><strong>Non</strong></span> <span class='ocrx_word' id='word_1_139' title='bbox 3005 650 3178 705; x_wconf 87' lang='lat' dir='ltr'><strong>habes</strong></span> <span class='ocrx_word' id='word_1_140' title='bbox 3208 665 3458 722; x_wconf 74' lang='lat' dir='ltr'><strong>unguen-</strong></span> 
     </span>
    </p>
   </div>
   <div class='ocr_carea' id='block_1_22' title="bbox 1871 743 3453 814">
    <p class='ocr_par' dir='ltr' id='par_1_22' title="bbox 1871 743 3453 814">
     <span class='ocr_line' id='line_1_22' title="bbox 1871 743 3453 814; baseline -0.001 -14"><span class='ocrx_word' id='word_1_141' title='bbox 1871 745 2024 800; x_wconf 83' lang='lat' dir='ltr'><strong>tum?</strong></span> <span class='ocrx_word' id='word_1_142' title='bbox 2057 743 2228 799; x_wconf 89' lang='lat' dir='ltr'><strong>Plane</strong></span> <span class='ocrx_word' id='word_1_143' title='bbox 2287 743 2460 799; x_wconf 80' lang='lat' dir='ltr'><strong>habes</strong></span> <span class='ocrx_word' id='word_1_144' title='bbox 2506 753 2886 813; x_wconf 68' lang='lat' dir='ltr'><strong>unguentum:</strong></span> <span class='ocrx_word' id='word_1_145' title='bbox 2928 759 3127 814; x_wconf 90' lang='lat' dir='ltr'><strong>nempe</strong></span> <span class='ocrx_word' id='word_1_146' title='bbox 3175 745 3453 814; x_wconf 80' lang='lat' dir='ltr'><strong>gratiam,</strong></span> 
     </span>
    </p>
   </div>
   <div class='ocr_carea' id='block_1_23' title="bbox 1870 834 3453 908">
    <p class='ocr_par' dir='ltr' id='par_1_23' title="bbox 1870 834 3453 908">
     <span class='ocr_line' id='line_1_23' title="bbox 1870 834 3453 908; baseline 0 -17"><span class='ocrx_word' id='word_1_147' title='bbox 1870 852 1966 891; x_wconf 88' lang='lat' dir='ltr'><strong>cor</strong></span> <span class='ocrx_word' id='word_1_148' title='bbox 1995 837 2333 892; x_wconf 73' lang='lat' dir='ltr'><strong>alabastrum</strong></span> <span class='ocrx_word' id='word_1_149' title='bbox 2360 853 2374 903; x_wconf 90' lang='lat'><strong>;</strong></span> <span class='ocrx_word' id='word_1_150' title='bbox 2411 836 2708 908; x_wconf 77' lang='lat' dir='ltr'><strong>lacrymas,</strong></span> <span class='ocrx_word' id='word_1_151' title='bbox 2739 834 3173 903; x_wconf 73' lang='lat' dir='ltr'><strong>confessionem;</strong></span> <span class='ocrx_word' id='word_1_152' title='bbox 3199 837 3453 905; x_wconf 90' lang='lat' dir='ltr'><strong>capillos,</strong></span> 
     </span>
    </p>
   </div>
   <div class='ocr_carea' id='block_1_24' title="bbox 1868 926 3458 998">
    <p class='ocr_par' dir='ltr' id='par_1_24' title="bbox 1868 926 3458 998">
     <span class='ocr_line' id='line_1_24' title="bbox 1868 926 3458 998; baseline -0.003 -13"><span class='ocrx_word' id='word_1_153' title='bbox 1868 926 2080 986; x_wconf 85' lang='lat' dir='ltr'><strong>minuta</strong></span> <span class='ocrx_word' id='word_1_154' title='bbox 2116 929 2387 998; x_wconf 70' lang='lat' dir='ltr'><strong>suspiria.</strong></span> <span class='ocrx_word' id='word_1_155' title='bbox 2424 928 2546 983; x_wconf 74' lang='lat' dir='ltr'><strong>llzec</strong></span> <span class='ocrx_word' id='word_1_156' title='bbox 2589 928 2748 993; x_wconf 80' lang='lat' dir='ltr'><strong>offer,</strong></span> <span class='ocrx_word' id='word_1_157' title='bbox 2780 928 2896 982; x_wconf 86' lang='lat' dir='ltr'><strong>haec</strong></span> <span class='ocrx_word' id='word_1_158' title='bbox 2925 928 3206 994; x_wconf 79' lang='lat' dir='ltr'><strong>sacriﬁca,</strong></span> <span class='ocrx_word' id='word_1_159' title='bbox 3234 937 3289 983; x_wconf 90' lang='lat' dir='ltr'><strong>et</strong></span> <span class='ocrx_word' id='word_1_160' title='bbox 3315 930 3458 983; x_wconf 64' lang='lat' dir='ltr'><strong>accic</strong></span> 
     </span>
    </p>
   </div>
   <div class='ocr_carea' id='block_1_25' title="bbox 1834 1019 3455 1098">
    <p class='ocr_par' dir='ltr' id='par_1_25' title="bbox 1834 1019 3455 1098">
     <span class='ocr_line' id='line_1_25' title="bbox 1834 1019 3455 1098; baseline -0.002 -22"><span class='ocrx_word' id='word_1_161' title='bbox 1834 1023 1988 1098; x_wconf 86' lang='lat' dir='ltr'><strong>_pies</strong></span> <span class='ocrx_word' id='word_1_162' title='bbox 2015 1022 2257 1076; x_wconf 80' lang='lat' dir='ltr'><strong>veniam.</strong></span> <span class='ocrx_word' id='word_1_163' title='bbox 2313 1020 2572 1075; x_wconf 75' lang='lat' dir='ltr'><strong>Christus</strong></span> <span class='ocrx_word' id='word_1_164' title='bbox 2619 1020 2829 1090; x_wconf 84' lang='lat' dir='ltr'><strong>ubique</strong></span> <span class='ocrx_word' id='word_1_165' title='bbox 2862 1030 2969 1075; x_wconf 89' lang='lat' dir='ltr'><strong>est.</strong></span> <span class='ocrx_word' id='word_1_166' title='bbox 3025 1020 3195 1074; x_wconf 73' lang='lat' dir='ltr'><strong>Adest</strong></span> <span class='ocrx_word' id='word_1_167' title='bbox 3249 1019 3455 1089; x_wconf 81' lang='lat' dir='ltr'><strong>ubique</strong></span> 
     </span>
    </p>
   </div>
   <div class='ocr_carea' id='block_1_26' title="bbox 1870 1109 3454 1166">
    <p class='ocr_par' dir='ltr' id='par_1_26' title="bbox 1870 1109 3454 1166">
     <span class='ocr_line' id='line_1_26' title="bbox 1870 1109 3454 1166; baseline 0.001 -2"><span class='ocrx_word' id='word_1_168' title='bbox 1870 1123 2142 1166; x_wconf 84' lang='lat' dir='ltr'><strong>vocatus:</strong></span> <span class='ocrx_word' id='word_1_169' title='bbox 2203 1112 2369 1165; x_wconf 85' lang='lat' dir='ltr'><strong>modo</strong></span> <span class='ocrx_word' id='word_1_170' title='bbox 2421 1127 2533 1166; x_wconf 90' lang='lat' dir='ltr'><strong>non</strong></span> <span class='ocrx_word' id='word_1_171' title='bbox 2594 1113 2741 1166; x_wconf 83' lang='lat' dir='ltr'><strong>adsit</strong></span> <span class='ocrx_word' id='word_1_172' title='bbox 2807 1109 3026 1166; x_wconf 73' lang='lat' dir='ltr'><strong>ludas:</strong></span> <span class='ocrx_word' id='word_1_173' title='bbox 3083 1112 3249 1166; x_wconf 87' lang='lat' dir='ltr'><strong>modo</strong></span> <span class='ocrx_word' id='word_1_174' title='bbox 3304 1118 3454 1165; x_wconf 89' lang='lat' dir='ltr'><strong>recte</strong></span> 
     </span>
    </p>
   </div>
   <div class='ocr_carea' id='block_1_27' title="bbox 1869 1203 3450 1274">
    <p class='ocr_par' dir='ltr' id='par_1_27' title="bbox 1869 1203 3450 1274">
     <span class='ocr_line' id='line_1_27' title="bbox 1869 1203 3450 1274; baseline -0.001 -15"><span class='ocrx_word' id='word_1_175' title='bbox 1869 1209 2137 1259; x_wconf 74' lang='lat' dir='ltr'><strong>vocetur:</strong></span> <span class='ocrx_word' id='word_1_176' title='bbox 2182 1203 2348 1258; x_wconf 87' lang='lat' dir='ltr'><strong>modo</strong></span> <span class='ocrx_word' id='word_1_177' title='bbox 2397 1204 2472 1259; x_wconf 86' lang='lat' dir='ltr'><strong>sit</strong></span> <span class='ocrx_word' id='word_1_178' title='bbox 2523 1219 2682 1260; x_wconf 59' lang='lat' dir='ltr'><strong>caena</strong></span> <span class='ocrx_word' id='word_1_179' title='bbox 2738 1203 2952 1274; x_wconf 77' lang='lat' dir='ltr'><strong>absque</strong></span> <span class='ocrx_word' id='word_1_180' title='bbox 2997 1204 3146 1260; x_wconf 87' lang='lat' dir='ltr'><strong>dolo.</strong></span> <span class='ocrx_word' id='word_1_181' title='bbox 3187 1205 3245 1259; x_wconf 83' lang='lat' dir='ltr'><strong>Si</strong></span> <span class='ocrx_word' id='word_1_182' title='bbox 3279 1205 3450 1269; x_wconf 83' lang='lat' dir='ltr'><strong>lubet,</strong></span> 
     </span>
    </p>
   </div>
   <div class='ocr_carea' id='block_1_28' title="bbox 1867 1295 3454 1358">
    <p class='ocr_par' dir='ltr' id='par_1_28' title="bbox 1867 1295 3454 1358">
     <span class='ocr_line' id='line_1_28' title="bbox 1867 1295 3454 1358; baseline -0.001 -6"><span class='ocrx_word' id='word_1_183' title='bbox 1867 1305 1989 1353; x_wconf 85' lang='lat' dir='ltr'><strong>esto</strong></span> <span class='ocrx_word' id='word_1_184' title='bbox 2029 1295 2265 1350; x_wconf 59' lang='lat' dir='ltr'><strong>Simon.</strong></span> <span class='ocrx_word' id='word_1_185' title='bbox 2304 1296 2478 1352; x_wconf 85' lang='lat' dir='ltr'><strong>Invita</strong></span> <span class='ocrx_word' id='word_1_186' title='bbox 2527 1296 2846 1352; x_wconf 88' lang='lat' dir='ltr'><strong>Dominum.</strong></span> <span class='ocrx_word' id='word_1_187' title='bbox 2887 1295 2968 1352; x_wconf 79' lang='lat' dir='ltr'><strong>Ne</strong></span> <span class='ocrx_word' id='word_1_188' title='bbox 3013 1307 3196 1351; x_wconf 90' lang='lat' dir='ltr'><strong>tamen</strong></span> <span class='ocrx_word' id='word_1_189' title='bbox 3229 1297 3454 1358; x_wconf 84' lang='lat' dir='ltr'><strong>dubita-</strong></span> 
     </span>
    </p>
   </div>
   <div class='ocr_carea' id='block_1_29' title="bbox 1865 1386 3453 1458">
    <p class='ocr_par' dir='ltr' id='par_1_29' title="bbox 1865 1386 3453 1458">
     <span class='ocr_line' id='line_1_29' title="bbox 1865 1386 3453 1458; baseline -0.001 -16"><span class='ocrx_word' id='word_1_190' title='bbox 1865 1390 2014 1442; x_wconf 84' lang='lat' dir='ltr'><strong>vcris</strong></span> <span class='ocrx_word' id='word_1_191' title='bbox 2050 1389 2195 1443; x_wconf 86' lang='lat' dir='ltr'><strong>sicut</strong></span> <span class='ocrx_word' id='word_1_192' title='bbox 2226 1387 2587 1444; x_wconf 66' lang='lat' dir='ltr'><strong>&#39;Pharisatus.</strong></span> <span class='ocrx_word' id='word_1_193' title='bbox 2620 1386 2772 1443; x_wconf 83' lang='lat' dir='ltr'><strong>Voca</strong></span> <span class='ocrx_word' id='word_1_194' title='bbox 2821 1403 2971 1452; x_wconf 91' lang='lat' dir='ltr'><strong>eum,</strong></span> <span class='ocrx_word' id='word_1_195' title='bbox 3008 1390 3100 1458; x_wconf 89' lang='lat' dir='ltr'><strong>qui</strong></span> <span class='ocrx_word' id='word_1_196' title='bbox 3143 1387 3302 1444; x_wconf 88' lang='lat' dir='ltr'><strong>adest</strong></span> <span class='ocrx_word' id='word_1_197' title='bbox 3330 1387 3453 1441; x_wconf 87' lang='lat' dir='ltr'><strong>ubi-</strong></span> 
     </span>
    </p>
   </div>
   <div class='ocr_carea' id='block_1_30' title="bbox 1867 1476 3451 1548">
    <p class='ocr_par' dir='ltr' id='par_1_30' title="bbox 1867 1476 3451 1548">
     <span class='ocr_line' id='line_1_30' title="bbox 1867 1476 3451 1548; baseline 0.003 -21"><span class='ocrx_word' id='word_1_198' title='bbox 1867 1492 2015 1548; x_wconf 85' lang='lat' dir='ltr'><strong>que:</strong></span> <span class='ocrx_word' id='word_1_199' title='bbox 2051 1485 2106 1530; x_wconf 92' lang='lat' dir='ltr'><strong>at</strong></span> <span class='ocrx_word' id='word_1_200' title='bbox 2157 1492 2226 1531; x_wconf 89' lang='lat' dir='ltr'><strong>ne</strong></span> <span class='ocrx_word' id='word_1_201' title='bbox 2273 1477 2439 1532; x_wconf 90' lang='lat' dir='ltr'><strong>simul</strong></span> <span class='ocrx_word' id='word_1_202' title='bbox 2493 1476 2691 1532; x_wconf 84' lang='lat' dir='ltr'><strong>Judam</strong></span> <span class='ocrx_word' id='word_1_203' title='bbox 2737 1479 3050 1534; x_wconf 87' lang='lat' dir='ltr'><strong>vocaveris.</strong></span> <span class='ocrx_word' id='word_1_204' title='bbox 3111 1476 3245 1532; x_wconf 68' lang='lat' dir='ltr'><strong>Esto</strong></span> <span class='ocrx_word' id='word_1_205' title='bbox 3278 1477 3324 1532; x_wconf 92' lang='lat' dir='ltr'><strong>si</strong></span> <span class='ocrx_word' id='word_1_206' title='bbox 3364 1478 3451 1532; x_wconf 88' lang='lat' dir='ltr'><strong>vis</strong></span> 
     </span>
    </p>
   </div>
   <div class='ocr_carea' id='block_1_31' title="bbox 1868 1569 3452 1641">
    <p class='ocr_par' dir='ltr' id='par_1_31' title="bbox 1868 1569 3452 1641">
     <span class='ocr_line' id='line_1_31' title="bbox 1868 1569 3452 1641; baseline 0.002 -19"><span class='ocrx_word' id='word_1_207' title='bbox 1868 1569 2130 1634; x_wconf 83' lang='lat' dir='ltr'><strong>Lazarus,</strong></span> <span class='ocrx_word' id='word_1_208' title='bbox 2163 1571 2256 1640; x_wconf 86' lang='lat' dir='ltr'><strong>qui</strong></span> <span class='ocrx_word' id='word_1_209' title='bbox 2284 1569 2492 1624; x_wconf 87' lang='lat' dir='ltr'><strong>mundo</strong></span> <span class='ocrx_word' id='word_1_210' title='bbox 2525 1571 2604 1627; x_wconf 87' lang='lat' dir='ltr'><strong>sis</strong></span> <span class='ocrx_word' id='word_1_211' title='bbox 2633 1569 3038 1636; x_wconf 83' lang='lat' dir='ltr'><strong>ntortiﬂcatus;</strong></span> <span class='ocrx_word' id='word_1_212' title='bbox 3069 1571 3164 1641; x_wconf 90' lang='lat' dir='ltr'><strong>qui</strong></span> <span class='ocrx_word' id='word_1_213' title='bbox 3218 1571 3346 1625; x_wconf 85' lang='lat' dir='ltr'><strong>tabo</strong></span> <span class='ocrx_word' id='word_1_214' title='bbox 3377 1569 3452 1625; x_wconf 83' lang='lat' dir='ltr'><strong>fc-</strong></span> 
     </span>
    </p>
   </div>
   <div class='ocr_carea' id='block_1_32' title="bbox 1868 1647 3447 1732">
    <p class='ocr_par' dir='ltr' id='par_1_32' title="bbox 1868 1647 3447 1732">
     <span class='ocr_line' id='line_1_32' title="bbox 1868 1647 3447 1732; baseline 0 -18"><span class='ocrx_word' id='word_1_215' title='bbox 1868 1647 2016 1728; x_wconf 86' lang='lat' dir='ltr'><strong>tcas;</strong></span> <span class='ocrx_word' id='word_1_216' title='bbox 2051 1661 2145 1732; x_wconf 89' lang='lat' dir='ltr'><strong>qui</strong></span> <span class='ocrx_word' id='word_1_217' title='bbox 2200 1662 2255 1715; x_wconf 93' lang='lat' dir='ltr'><strong>in</strong></span> <span class='ocrx_word' id='word_1_218' title='bbox 2309 1677 2406 1716; x_wconf 94' lang='lat' dir='ltr'><strong>ore</strong></span> <span class='ocrx_word' id='word_1_219' title='bbox 2441 1662 2751 1724; x_wconf 89' lang='lat' dir='ltr'><strong>silentium,</strong></span> <span class='ocrx_word' id='word_1_220' title='bbox 2789 1677 2897 1717; x_wconf 91' lang='lat' dir='ltr'><strong>ceu</strong></span> <span class='ocrx_word' id='word_1_221' title='bbox 2938 1661 3174 1731; x_wconf 87' lang='lat' dir='ltr'><strong>lapidem</strong></span> <span class='ocrx_word' id='word_1_222' title='bbox 3219 1660 3447 1714; x_wconf 82' lang='lat' dir='ltr'><strong>habeas.</strong></span> 
     </span>
    </p>
   </div>
   <div class='ocr_carea' id='block_1_33' title="bbox 1867 1750 3451 1823">
    <p class='ocr_par' dir='ltr' id='par_1_33' title="bbox 1867 1750 3451 1823">
     <span class='ocr_line' id='line_1_33' title="bbox 1867 1750 3451 1823; baseline -0.002 -16"><span class='ocrx_word' id='word_1_223' title='bbox 1867 1752 2041 1823; x_wconf 82' lang='lat' dir='ltr'><strong>Magis</strong></span> <span class='ocrx_word' id='word_1_224' title='bbox 2072 1763 2257 1808; x_wconf 89' lang='lat' dir='ltr'><strong>autem</strong></span> <span class='ocrx_word' id='word_1_225' title='bbox 2304 1753 2463 1823; x_wconf 89' lang='lat' dir='ltr'><strong>prius</strong></span> <span class='ocrx_word' id='word_1_226' title='bbox 2501 1753 2716 1808; x_wconf 89' lang='lat' dir='ltr'><strong>Domini</strong></span> <span class='ocrx_word' id='word_1_227' title='bbox 2758 1754 2973 1808; x_wconf 84' lang='lat' dir='ltr'><strong>amicus</strong></span> <span class='ocrx_word' id='word_1_228' title='bbox 3014 1759 3157 1808; x_wconf 88' lang='lat' dir='ltr'><strong>esto.</strong></span> <span class='ocrx_word' id='word_1_229' title='bbox 3189 1750 3370 1807; x_wconf 82' lang='lat' dir='ltr'><strong>Habes</strong></span> <span class='ocrx_word' id='word_1_230' title='bbox 3397 1759 3451 1807; x_wconf 90' lang='lat' dir='ltr'><strong>et</strong></span> 
     </span>
    </p>
   </div>
   <div class='ocr_carea' id='block_1_34' title="bbox 175 1841 1765 1921">
    <p class='ocr_par' dir='ltr' id='par_1_34' title="bbox 175 1845 1762 1921">
     <span class='ocr_line' id='line_1_34' title="bbox 175 1845 1762 1921; baseline 0 -20"><span class='ocrx_word' id='word_1_231' title='bbox 175 1850 476 1903; x_wconf 82' lang='grc' dir='ltr'><strong>Δεσπότου.</strong></span> <span class='ocrx_word' id='word_1_232' title='bbox 506 1851 689 1920; x_wconf 78' lang='grc' dir='ltr'><strong>Ἔχεις</strong></span> <span class='ocrx_word' id='word_1_233' title='bbox 717 1850 812 1903; x_wconf 70' lang='grc' dir='ltr'><strong>καὶ</strong></span> <span class='ocrx_word' id='word_1_234' title='bbox 837 1850 1000 1914; x_wconf 79' lang='grc' dir='ltr'><strong>αὐτὸς</strong></span> <span class='ocrx_word' id='word_1_235' title='bbox 1025 1850 1280 1919; x_wconf 64' lang='grc' dir='ltr'><strong>ἀδελφάς,</strong></span> <span class='ocrx_word' id='word_1_236' title='bbox 1305 1851 1404 1920; x_wconf 73' lang='grc' dir='ltr'><strong>τὴν</strong></span> <span class='ocrx_word' id='word_1_237' title='bbox 1422 1849 1619 1921; x_wconf 79' lang='grc' dir='ltr'><strong>ψυχὴν.</strong></span> <span class='ocrx_word' id='word_1_238' title='bbox 1644 1845 1762 1903; x_wconf 76' lang='grc' dir='ltr'><strong>εἶτα</strong></span> 
     </span>
    </p>
   </div>
   <div class='ocr_carea' id='block_1_35' title="bbox 1851 1841 3451 1921">
    <p class='ocr_par' dir='ltr' id='par_1_35' title="bbox 1867 1841 3451 1915">
     <span class='ocr_line' id='line_1_35' title="bbox 1867 1841 3451 1915; baseline -0.001 -16"><span class='ocrx_word' id='word_1_239' title='bbox 1867 1853 1924 1899; x_wconf 87' lang='grc' dir='ltr'><strong>ιιι</strong></span> <span class='ocrx_word' id='word_1_240' title='bbox 1954 1861 2199 1908; x_wconf 83' lang='lat' dir='ltr'><strong>sorores,</strong></span> <span class='ocrx_word' id='word_1_241' title='bbox 2244 1847 2481 1915; x_wconf 91' lang='lat' dir='ltr'><strong>primum</strong></span> <span class='ocrx_word' id='word_1_242' title='bbox 2518 1847 2786 1911; x_wconf 89' lang='lat' dir='ltr'><strong>animam,</strong></span> <span class='ocrx_word' id='word_1_243' title='bbox 2815 1861 2881 1900; x_wconf 92' lang='lat' dir='ltr'><strong>ac</strong></span> <span class='ocrx_word' id='word_1_244' title='bbox 2907 1854 3022 1900; x_wconf 90' lang='lat' dir='ltr'><strong>tum</strong></span> <span class='ocrx_word' id='word_1_245' title='bbox 3054 1860 3304 1900; x_wconf 90' lang='lat' dir='ltr'><strong>carnem.</strong></span> <span class='ocrx_word' id='word_1_246' title='bbox 3341 1841 3451 1898; x_wconf 83' lang='lat' dir='ltr'><strong>Fac</strong></span> 
     </span>
    </p>
   </div>
   <div class='ocr_carea' id='block_1_36' title="bbox 176 1941 1764 2012">
    <p class='ocr_par' dir='ltr' id='par_1_36' title="bbox 176 1941 1764 2012">
     <span class='ocr_line' id='line_1_36' title="bbox 176 1941 1764 2012; baseline 0.001 -19"><span class='ocrx_word' id='word_1_247' title='bbox 176 1941 279 2011; x_wconf 74' lang='grc' dir='ltr'><strong>τὴν</strong></span> <span class='ocrx_word' id='word_1_248' title='bbox 323 1941 522 2011; x_wconf 83' lang='grc' dir='ltr'><strong>σάρκα.</strong></span> <span class='ocrx_word' id='word_1_249' title='bbox 571 1941 866 2010; x_wconf 81' lang='grc' dir='ltr'><strong>Ψιλιὼθητι</strong></span> <span class='ocrx_word' id='word_1_250' title='bbox 924 1941 1002 2012; x_wconf 82' lang='grc' dir='ltr'><strong>τῷ</strong></span> <span class='ocrx_word' id='word_1_251' title='bbox 1059 1941 1310 2010; x_wconf 79' lang='grc' dir='ltr'><strong>Χριστῷ,</strong></span> <span class='ocrx_word' id='word_1_252' title='bbox 1370 1941 1436 1994; x_wconf 81' lang='grc' dir='ltr'><strong>ἵν’</strong></span> <span class='ocrx_word' id='word_1_253' title='bbox 1469 1943 1598 1996; x_wconf 84' lang='grc' dir='ltr'><strong>ὅταν</strong></span> <span class='ocrx_word' id='word_1_254' title='bbox 1649 1958 1764 1994; x_wconf 82' lang='grc' dir='ltr'><strong>κοι-</strong></span> 
     </span>
    </p>
   </div>
   <div class='ocr_carea' id='block_1_37' title="bbox 179 2030 1763 2105">
    <p class='ocr_par' dir='ltr' id='par_1_37' title="bbox 179 2030 1763 2105">
     <span class='ocr_line' id='line_1_37' title="bbox 179 2030 1763 2105; baseline 0.003 -23"><span class='ocrx_word' id='word_1_255' title='bbox 179 2030 383 2102; x_wconf 79' lang='grc' dir='ltr'><strong>μηθῇς,</strong></span> <span class='ocrx_word' id='word_1_256' title='bbox 403 2031 663 2103; x_wconf 65' lang='grc' dir='ltr'><strong>μψωσι</strong></span> <span class='ocrx_word' id='word_1_257' title='bbox 715 2032 851 2103; x_wconf 80' lang='grc' dir='ltr'><strong>πρὸς</strong></span> <span class='ocrx_word' id='word_1_258' title='bbox 883 2032 1112 2102; x_wconf 85' lang='grc' dir='ltr'><strong>Ἰησοῦν,</strong></span> <span class='ocrx_word' id='word_1_259' title='bbox 1131 2032 1204 2096; x_wconf 78' lang='grc' dir='ltr'><strong>ὡς</strong></span> <span class='ocrx_word' id='word_1_260' title='bbox 1225 2033 1412 2105; x_wconf 76' lang='grc' dir='ltr'><strong>Μαρία</strong></span> <span class='ocrx_word' id='word_1_261' title='bbox 1435 2033 1526 2086; x_wconf 78' lang='grc' dir='ltr'><strong>καὶ</strong></span> <span class='ocrx_word' id='word_1_262' title='bbox 1542 2033 1763 2102; x_wconf 82' lang='grc' dir='ltr'><strong>Μάρθα,</strong></span> 
     </span>
    </p>
   </div>
   <div class='ocr_carea' id='block_1_38' title="bbox 176 2121 1760 2196">
    <p class='ocr_par' dir='ltr' id='par_1_38' title="bbox 176 2121 1760 2196">
     <span class='ocr_line' id='line_1_38' title="bbox 176 2121 1760 2196; baseline 0.001 -22"><span class='ocrx_word' id='word_1_263' title='bbox 176 2123 212 2190; x_wconf 76' lang='grc' dir='ltr'>ἡ</span> <span class='ocrx_word' id='word_1_264' title='bbox 249 2123 346 2192; x_wconf 73' lang='grc' dir='ltr'><strong>μὲν</strong></span> <span class='ocrx_word' id='word_1_265' title='bbox 372 2121 449 2192; x_wconf 80' lang='grc' dir='ltr'><strong>τῷ</strong></span> <span class='ocrx_word' id='word_1_266' title='bbox 483 2123 646 2195; x_wconf 85' lang='grc' dir='ltr'><strong>λόγῳ,</strong></span> <span class='ocrx_word' id='word_1_267' title='bbox 689 2124 805 2195; x_wconf 81' lang='grc' dir='ltr'><strong>ἡδὲ</strong></span> <span class='ocrx_word' id='word_1_268' title='bbox 835 2127 900 2195; x_wconf 78' lang='grc' dir='ltr'><strong>τῇ</strong></span> <span class='ocrx_word' id='word_1_269' title='bbox 936 2123 1133 2196; x_wconf 78' lang='grc' dir='ltr'><strong>πράξει</strong></span> <span class='ocrx_word' id='word_1_270' title='bbox 1172 2123 1466 2192; x_wconf 87' lang='grc' dir='ltr'><strong>λέγουσαι·</strong></span> <span class='ocrx_word' id='word_1_271' title='bbox 1513 2143 1533 2176; x_wconf 75' lang='grc' dir='ltr'><strong>ι</strong></span> <span class='ocrx_word' id='word_1_272' title='bbox 1567 2123 1760 2195; x_wconf 80' lang='grc' dir='ltr'><strong>Κύριε,</strong></span> 
     </span>
    </p>
   </div>
   <div class='ocr_carea' id='block_1_39' title="bbox 180 2213 1765 2287">
    <p class='ocr_par' dir='ltr' id='par_1_39' title="bbox 180 2213 1765 2287">
     <span class='ocr_line' id='line_1_39' title="bbox 180 2213 1765 2287; baseline 0.001 -22"><span class='ocrx_word' id='word_1_273' title='bbox 180 2213 258 2266; x_wconf 84' lang='grc' dir='ltr'><strong>ῐδε</strong></span> <span class='ocrx_word' id='word_1_274' title='bbox 297 2213 356 2266; x_wconf 83' lang='grc' dir='ltr'><strong>ὃν</strong></span> <span class='ocrx_word' id='word_1_275' title='bbox 397 2213 569 2284; x_wconf 62' lang='grc' dir='ltr'><strong>φιλεῖς</strong></span> <span class='ocrx_word' id='word_1_276' title='bbox 615 2213 851 2268; x_wconf 76' lang='grc' dir='ltr'><strong>ἀσθενεῖ.</strong></span> <span class='ocrx_word' id='word_1_277' title='bbox 913 2235 931 2266; x_wconf 75' lang='grc' dir='ltr'><strong>ι</strong></span> <span class='ocrx_word' id='word_1_278' title='bbox 966 2215 1058 2270; x_wconf 85' lang='grc' dir='ltr'><strong>Ἰν’</strong></span> <span class='ocrx_word' id='word_1_279' title='bbox 1081 2217 1210 2269; x_wconf 83' lang='grc' dir='ltr'><strong>ὅταν</strong></span> <span class='ocrx_word' id='word_1_280' title='bbox 1235 2216 1433 2278; x_wconf 78' lang='grc' dir='ltr'><strong>τελέως</strong></span> <span class='ocrx_word' id='word_1_281' title='bbox 1453 2216 1765 2287; x_wconf 82' lang='grc' dir='ltr'><strong>ἀπονεκρω-</strong></span> 
     </span>
    </p>
   </div>
   <div class='ocr_carea' id='block_1_40' title="bbox 176 2305 1763 2379">
    <p class='ocr_par' dir='ltr' id='par_1_40' title="bbox 176 2305 1763 2379">
     <span class='ocr_line' id='line_1_40' title="bbox 176 2305 1763 2379; baseline -0.006 -11"><span class='ocrx_word' id='word_1_282' title='bbox 176 2305 278 2376; x_wconf 74' lang='grc' dir='ltr'><strong>θῇς</strong></span> <span class='ocrx_word' id='word_1_283' title='bbox 312 2307 524 2375; x_wconf 74' lang='grc' dir='ltr'><strong>κόσμῳ,</strong></span> <span class='ocrx_word' id='word_1_284' title='bbox 558 2308 652 2361; x_wconf 71' lang='grc' dir='ltr'><strong>καὶ</strong></span> <span class='ocrx_word' id='word_1_285' title='bbox 702 2311 814 2372; x_wconf 83' lang='grc' dir='ltr'><strong>τοῖς</strong></span> <span class='ocrx_word' id='word_1_286' title='bbox 857 2310 915 2361; x_wconf 79' lang='grc' dir='ltr'><strong>ἐν</strong></span> <span class='ocrx_word' id='word_1_287' title='bbox 949 2309 1161 2379; x_wconf 80' lang='grc' dir='ltr'><strong>κόσμῳ,</strong></span> <span class='ocrx_word' id='word_1_288' title='bbox 1215 2308 1429 2377; x_wconf 78' lang='grc' dir='ltr'><strong>φθάσας</strong></span> <span class='ocrx_word' id='word_1_289' title='bbox 1467 2311 1495 2362; x_wconf 88' lang='grc' dir='ltr'><strong>ό</strong></span> <span class='ocrx_word' id='word_1_290' title='bbox 1531 2309 1763 2379; x_wconf 71' lang='grc' dir='ltr'><strong>Χριστὸς</strong></span> 
     </span>
    </p>
   </div>
   <div class='ocr_carea' id='block_1_41' title="bbox 176 2397 1758 2470">
    <p class='ocr_par' dir='ltr' id='par_1_41' title="bbox 176 2397 1758 2470">
     <span class='ocr_line' id='line_1_41' title="bbox 176 2397 1758 2470; baseline 0.002 -21"><span class='ocrx_word' id='word_1_291' title='bbox 176 2397 461 2468; x_wconf 71' lang='grc' dir='ltr'><strong>ἀναστήσῃ</strong></span> <span class='ocrx_word' id='word_1_292' title='bbox 498 2414 580 2464; x_wconf 88' lang='grc' dir='ltr'><strong>σε,</strong></span> <span class='ocrx_word' id='word_1_293' title='bbox 628 2397 759 2470; x_wconf 78' lang='grc' dir='ltr'><strong>λέξῃ</strong></span> <span class='ocrx_word' id='word_1_294' title='bbox 795 2416 850 2452; x_wconf 85' lang='grc' dir='ltr'><strong>τε</strong></span> <span class='ocrx_word' id='word_1_295' title='bbox 893 2399 1030 2469; x_wconf 71' lang='grc' dir='ltr'><strong>πρὸς</strong></span> <span class='ocrx_word' id='word_1_296' title='bbox 1084 2400 1210 2464; x_wconf 75' lang='grc' dir='ltr'><strong>τοὺς</strong></span> <span class='ocrx_word' id='word_1_297' title='bbox 1252 2399 1519 2467; x_wconf 77' lang='grc' dir='ltr'><strong>ἀγγέλους</strong></span> <span class='ocrx_word' id='word_1_298' title='bbox 1558 2398 1758 2453; x_wconf 78' lang='grc' dir='ltr'><strong>αὐτοῦ’</strong></span> 
     </span>
    </p>
   </div>
   <div class='ocr_carea' id='block_1_42' title="bbox 184 2485 1764 2559">
    <p class='ocr_par' dir='ltr' id='par_1_42' title="bbox 184 2485 1764 2559">
     <span class='ocr_line' id='line_1_42' title="bbox 184 2485 1764 2559; baseline 0.001 -22"><span class='ocrx_word' id='word_1_299' title='bbox 184 2504 203 2536; x_wconf 74' lang='grc' dir='ltr'><strong>ι</strong></span> <span class='ocrx_word' id='word_1_300' title='bbox 241 2485 452 2540; x_wconf 75' lang='grc' dir='ltr'><strong>Λύσατε</strong></span> <span class='ocrx_word' id='word_1_301' title='bbox 473 2488 654 2550; x_wconf 72' lang='grc' dir='ltr'><strong>αὑτὸν,</strong></span> <span class='ocrx_word' id='word_1_302' title='bbox 690 2488 784 2540; x_wconf 79' lang='grc' dir='ltr'><strong>καὶ</strong></span> <span class='ocrx_word' id='word_1_303' title='bbox 818 2489 984 2559; x_wconf 73' lang='grc' dir='ltr'><strong>ἄφετε</strong></span> <span class='ocrx_word' id='word_1_304' title='bbox 1019 2488 1268 2557; x_wconf 84' lang='grc' dir='ltr'><strong>ὑπάγειν.</strong></span> <span class='ocrx_word' id='word_1_305' title='bbox 1316 2506 1334 2538; x_wconf 72' lang='grc' dir='ltr'><strong>ι</strong></span> <span class='ocrx_word' id='word_1_306' title='bbox 1367 2489 1622 2541; x_wconf 80' lang='grc' dir='ltr'><strong>Λύσατε.</strong></span> <span class='ocrx_word' id='word_1_307' title='bbox 1658 2487 1764 2539; x_wconf 81' lang='grc' dir='ltr'><strong>Πό-</strong></span> 
     </span>
    </p>
   </div>
   <div class='ocr_carea' id='block_1_43' title="bbox 177 2578 1761 2651">
    <p class='ocr_par' dir='ltr' id='par_1_43' title="bbox 177 2578 1761 2651">
     <span class='ocr_line' id='line_1_43' title="bbox 177 2578 1761 2651; baseline 0.001 -21"><span class='ocrx_word' id='word_1_308' title='bbox 177 2578 306 2644; x_wconf 88' lang='grc' dir='ltr'><strong>θεν;</strong></span> <span class='ocrx_word' id='word_1_309' title='bbox 348 2579 441 2632; x_wconf 83' lang='grc' dir='ltr'><strong>Ἐκ</strong></span> <span class='ocrx_word' id='word_1_310' title='bbox 481 2579 599 2632; x_wconf 85' lang='grc' dir='ltr'><strong>τῶν</strong></span> <span class='ocrx_word' id='word_1_311' title='bbox 635 2579 850 2650; x_wconf 81' lang='grc' dir='ltr'><strong>δεσμῶν</strong></span> <span class='ocrx_word' id='word_1_312' title='bbox 901 2583 998 2650; x_wconf 77' lang='grc' dir='ltr'><strong>τῆς</strong></span> <span class='ocrx_word' id='word_1_313' title='bbox 1050 2579 1344 2651; x_wconf 73' lang='grc' dir='ltr'><strong>ἁμαρτίας.</strong></span> <span class='ocrx_word' id='word_1_314' title='bbox 1381 2579 1664 2648; x_wconf 73' lang='grc' dir='ltr'><strong>’Υπιίγειν</strong></span> <span class='ocrx_word' id='word_1_315' title='bbox 1703 2579 1761 2632; x_wconf 76' lang='grc' dir='ltr'><strong>δὲ</strong></span> 
     </span>
    </p>
   </div>
   <div class='ocr_carea' id='block_1_44' title="bbox 181 2654 1763 2742">
    <p class='ocr_par' dir='ltr' id='par_1_44' title="bbox 181 2654 1763 2742">
     <span class='ocr_line' id='line_1_44' title="bbox 181 2654 1763 2742; baseline 0.001 -22"><span class='ocrx_word' id='word_1_316' title='bbox 181 2667 323 2730; x_wconf 74' lang='grc' dir='ltr'><strong>ποῦς</strong></span> <span class='ocrx_word' id='word_1_317' title='bbox 356 2670 448 2733; x_wconf 86' lang='lat' dir='ltr'><strong>El;</strong></span> <span class='ocrx_word' id='word_1_318' title='bbox 483 2671 606 2733; x_wconf 76' lang='grc' dir='ltr'><strong>τοῦς</strong></span> <span class='ocrx_word' id='word_1_319' title='bbox 631 2654 863 2733; x_wconf 85' lang='grc' dir='ltr'><strong>κόλπους</strong></span> <span class='ocrx_word' id='word_1_320' title='bbox 894 2671 989 2725; x_wconf 89' lang='grc' dir='ltr'><strong>τοῦ</strong></span> <span class='ocrx_word' id='word_1_321' title='bbox 1015 2671 1286 2742; x_wconf 76' lang='grc' dir='ltr'><strong>Ἀϐραάμ,</strong></span> <span class='ocrx_word' id='word_1_322' title='bbox 1321 2671 1399 2734; x_wconf 76' lang='grc' dir='ltr'><strong>εἰς</strong></span> <span class='ocrx_word' id='word_1_323' title='bbox 1431 2671 1531 2733; x_wconf 72' lang='grc' dir='ltr'><strong>τὰς</strong></span> <span class='ocrx_word' id='word_1_324' title='bbox 1557 2670 1763 2741; x_wconf 71' lang='grc' dir='ltr'><strong>σκηνάς</strong></span> 
     </span>
    </p>
   </div>
   <div class='ocr_carea' id='block_1_45' title="bbox 179 2759 1761 2833">
    <p class='ocr_par' dir='ltr' id='par_1_45' title="bbox 179 2759 1761 2833">
     <span class='ocr_line' id='line_1_45' title="bbox 179 2759 1761 2833; baseline 0.002 -21"><span class='ocrx_word' id='word_1_325' title='bbox 179 2759 278 2823; x_wconf 67' lang='grc' dir='ltr'><strong>τὰς</strong></span> <span class='ocrx_word' id='word_1_326' title='bbox 305 2763 582 2824; x_wconf 82' lang='grc' dir='ltr'><strong>αἰωνίους,</strong></span> <span class='ocrx_word' id='word_1_327' title='bbox 614 2764 692 2826; x_wconf 83' lang='grc' dir='ltr'><strong>εἰς</strong></span> <span class='ocrx_word' id='word_1_328' title='bbox 727 2764 826 2832; x_wconf 80' lang='grc' dir='ltr'><strong>τὴν</strong></span> <span class='ocrx_word' id='word_1_329' title='bbox 855 2764 952 2832; x_wconf 82' lang='grc' dir='ltr'><strong>τῆς</strong></span> <span class='ocrx_word' id='word_1_330' title='bbox 989 2762 1138 2826; x_wconf 75' lang='grc' dir='ltr'><strong>θείας</strong></span> <span class='ocrx_word' id='word_1_331' title='bbox 1171 2762 1372 2833; x_wconf 75' lang='grc' dir='ltr'><strong>λήξεως</strong></span> <span class='ocrx_word' id='word_1_332' title='bbox 1411 2762 1604 2831; x_wconf 73' lang='grc' dir='ltr'><strong>ἀγήρω</strong></span> <span class='ocrx_word' id='word_1_333' title='bbox 1656 2778 1761 2831; x_wconf 88' lang='grc' dir='ltr'><strong>μα-</strong></span> 
     </span>
    </p>
   </div>
   <div class='ocr_carea' id='block_1_46' title="bbox 181 2847 1757 2924">
    <p class='ocr_par' dir='ltr' id='par_1_46' title="bbox 181 2847 1757 2924">
     <span class='ocr_line' id='line_1_46' title="bbox 181 2847 1757 2924; baseline 0.001 -21"><span class='ocrx_word' id='word_1_334' title='bbox 181 2847 637 2923; x_wconf 72' lang='grc' dir='ltr'><strong>καριότητα.⁷Ης</strong></span> <span class='ocrx_word' id='word_1_335' title='bbox 697 2853 906 2922; x_wconf 75' lang='grc' dir='ltr'><strong>γένοιτο</strong></span> <span class='ocrx_word' id='word_1_336' title='bbox 961 2853 1170 2918; x_wconf 81' lang='grc' dir='ltr'><strong>πάντας</strong></span> <span class='ocrx_word' id='word_1_337' title='bbox 1235 2854 1379 2924; x_wconf 78' lang='grc' dir='ltr'><strong>ἡμᾶς</strong></span> <span class='ocrx_word' id='word_1_338' title='bbox 1445 2854 1757 2923; x_wconf 73' lang='grc' dir='ltr'><strong>ἐπιτυχεῖν,</strong></span> 
     </span>
    </p>
   </div>
   <div class='ocr_carea' id='block_1_47' title="bbox 180 2942 1760 3017">
    <p class='ocr_par' dir='ltr' id='par_1_47' title="bbox 180 2942 1760 3017">
     <span class='ocr_line' id='line_1_47' title="bbox 180 2942 1760 3017; baseline 0.002 -23"><span class='ocrx_word' id='word_1_339' title='bbox 180 2942 368 3011; x_wconf 80' lang='grc' dir='ltr'><strong>χάριτι</strong></span> <span class='ocrx_word' id='word_1_340' title='bbox 403 2944 496 2997; x_wconf 80' lang='grc' dir='ltr'><strong>καὶ</strong></span> <span class='ocrx_word' id='word_1_341' title='bbox 536 2944 915 3017; x_wconf 70' lang='grc' dir='ltr'><strong>φιλανθρωπίᾳ</strong></span> <span class='ocrx_word' id='word_1_342' title='bbox 969 2944 1065 2998; x_wconf 84' lang='grc' dir='ltr'><strong>τοῦ</strong></span> <span class='ocrx_word' id='word_1_343' title='bbox 1114 2945 1321 3008; x_wconf 89' lang='grc' dir='ltr'><strong>πάντας</strong></span> <span class='ocrx_word' id='word_1_344' title='bbox 1361 2946 1507 3016; x_wconf 75' lang='grc' dir='ltr'><strong>ἡμᾶς</strong></span> <span class='ocrx_word' id='word_1_345' title='bbox 1546 2947 1624 3008; x_wconf 79' lang='grc' dir='ltr'><strong>εις</strong></span> <span class='ocrx_word' id='word_1_346' title='bbox 1659 2945 1760 3016; x_wconf 77' lang='grc' dir='ltr'><strong>τὴν</strong></span> 
     </span>
    </p>
   </div>
   <div class='ocr_carea' id='block_1_48' title="bbox 176 3032 1759 3107">
    <p class='ocr_par' dir='ltr' id='par_1_48' title="bbox 176 3032 1759 3107">
     <span class='ocr_line' id='line_1_48' title="bbox 176 3032 1759 3107; baseline 0.003 -23"><span class='ocrx_word' id='word_1_347' title='bbox 176 3032 346 3085; x_wconf 74' lang='grc' dir='ltr'><strong>αὐτοῦ</strong></span> <span class='ocrx_word' id='word_1_348' title='bbox 378 3033 665 3098; x_wconf 86' lang='grc' dir='ltr'><strong>καλοῦντος</strong></span> <span class='ocrx_word' id='word_1_349' title='bbox 705 3037 1026 3104; x_wconf 76' lang='grc' dir='ltr'><strong>ἐπίγνωσιν,</strong></span> <span class='ocrx_word' id='word_1_350' title='bbox 1073 3035 1312 3107; x_wconf 84' lang='grc' dir='ltr'><strong>Χριστοῦ</strong></span> <span class='ocrx_word' id='word_1_351' title='bbox 1365 3035 1459 3089; x_wconf 89' lang='grc' dir='ltr'><strong>τοῦ</strong></span> <span class='ocrx_word' id='word_1_352' title='bbox 1502 3035 1759 3106; x_wconf 78' lang='grc' dir='ltr'><strong>ἀληθινοῦ</strong></span> 
     </span>
    </p>
   </div>
   <div class='ocr_carea' id='block_1_49' title="bbox 175 3122 1760 3198">
    <p class='ocr_par' dir='ltr' id='par_1_49' title="bbox 175 3122 1760 3198">
     <span class='ocr_line' id='line_1_49' title="bbox 175 3122 1760 3198; baseline 0.002 -22"><span class='ocrx_word' id='word_1_353' title='bbox 175 3123 317 3177; x_wconf 82' lang='grc' dir='ltr'><strong>Θεοῦ</strong></span> <span class='ocrx_word' id='word_1_354' title='bbox 348 3125 502 3196; x_wconf 78' lang='grc' dir='ltr'><strong>ἡμῶν</strong></span> <span class='ocrx_word' id='word_1_355' title='bbox 525 3145 538 3158; x_wconf 92' lang='grc'><strong>·</strong></span> <span class='ocrx_word' id='word_1_356' title='bbox 576 3127 695 3196; x_wconf 85' lang='grc' dir='ltr'><strong>μεθ’</strong></span> <span class='ocrx_word' id='word_1_357' title='bbox 719 3122 779 3181; x_wconf 81' lang='grc' dir='ltr'><strong>οῦ</strong></span> <span class='ocrx_word' id='word_1_358' title='bbox 809 3127 885 3198; x_wconf 80' lang='grc' dir='ltr'><strong>τῷ</strong></span> <span class='ocrx_word' id='word_1_359' title='bbox 910 3128 1084 3198; x_wconf 76' lang='grc' dir='ltr'><strong>Πατρὶ</strong></span> <span class='ocrx_word' id='word_1_360' title='bbox 1109 3129 1142 3198; x_wconf 85' lang='grc' dir='ltr'><strong>ἡ</strong></span> <span class='ocrx_word' id='word_1_361' title='bbox 1174 3127 1323 3195; x_wconf 78' lang='grc' dir='ltr'><strong>δόξα,</strong></span> <span class='ocrx_word' id='word_1_362' title='bbox 1356 3125 1473 3195; x_wconf 70' lang='grc' dir='ltr'><strong>ἅμα</strong></span> <span class='ocrx_word' id='word_1_363' title='bbox 1497 3125 1576 3197; x_wconf 83' lang='grc' dir='ltr'><strong>τῷ</strong></span> <span class='ocrx_word' id='word_1_364' title='bbox 1621 3126 1760 3198; x_wconf 80' lang='grc' dir='ltr'><strong>ἁγίῳ</strong></span> 
     </span>
    </p>
   </div>
   <div class='ocr_carea' id='block_1_50' title="bbox 178 3215 1166 3290">
    <p class='ocr_par' dir='ltr' id='par_1_50' title="bbox 178 3215 1166 3290">
     <span class='ocr_line' id='line_1_50' title="bbox 178 3215 1166 3290; baseline 0.006 -23"><span class='ocrx_word' id='word_1_365' title='bbox 178 3215 462 3288; x_wconf 82' lang='grc' dir='ltr'><strong>Ιινεύματι</strong></span> <span class='ocrx_word' id='word_1_366' title='bbox 502 3218 582 3282; x_wconf 81' lang='grc' dir='ltr'><strong>είς</strong></span> <span class='ocrx_word' id='word_1_367' title='bbox 608 3218 703 3271; x_wconf 68' lang='grc' dir='ltr'><strong>τὸν</strong></span> <span class='ocrx_word' id='word_1_368' title='bbox 741 3217 913 3273; x_wconf 74' lang='grc' dir='ltr'><strong>αἰῶνα</strong></span> <span class='ocrx_word' id='word_1_369' title='bbox 969 3218 1166 3290; x_wconf 72' lang='grc' dir='ltr'><strong>Ἀμήν.</strong></span> 
     </span>
    </p>
   </div>
   <div class='ocr_carea' id='block_1_51' title="bbox 798 3350 1140 3406">
    <p class='ocr_par' dir='ltr' id='par_1_51' title="bbox 798 3350 1140 3406">
     <span class='ocr_line' id='line_1_51' title="bbox 798 3350 1140 3406; baseline 0.009 -3"><span class='ocrx_word' id='word_1_370' title='bbox 798 3351 1015 3405; x_wconf 85' lang='grc' dir='ltr'>ΛΟΓΟΣ</span> <span class='ocrx_word' id='word_1_371' title='bbox 1063 3350 1140 3406; x_wconf 87' lang='grc' dir='ltr'><strong>Θ’.</strong></span> 
     </span>
    </p>
   </div>
   <div class='ocr_carea' id='block_1_52' title="bbox 749 3461 1186 3529">
    <p class='ocr_par' dir='ltr' id='par_1_52' title="bbox 749 3461 1186 3529">
     <span class='ocr_line' id='line_1_52' title="bbox 749 3461 1186 3529; baseline 0.005 -13"><span class='ocrx_word' id='word_1_372' title='bbox 749 3463 852 3529; x_wconf 75' lang='grc' dir='ltr'><strong>Εἰς</strong></span> <span class='ocrx_word' id='word_1_373' title='bbox 896 3461 968 3518; x_wconf 78' lang='grc' dir='ltr'><strong>τὰ</strong></span> <span class='ocrx_word' id='word_1_374' title='bbox 1017 3464 1186 3518; x_wconf 72' lang='lat' dir='ltr'><strong>Buta.</strong></span> 
     </span>
    </p>
   </div>
   <div class='ocr_carea' id='block_1_53' title="bbox 253 3573 1763 3650">
    <p class='ocr_par' dir='ltr' id='par_1_53' title="bbox 253 3573 1763 3650">
     <span class='ocr_line' id='line_1_53' title="bbox 253 3573 1763 3650; baseline 0.006 -24"><span class='ocrx_word' id='word_1_375' title='bbox 253 3573 392 3637; x_wconf 81' lang='grc' dir='ltr'><strong>Χθὲς</strong></span> <span class='ocrx_word' id='word_1_376' title='bbox 447 3575 594 3643; x_wconf 74' lang='grc' dir='ltr'><strong>ἡμᾶς</strong></span> <span class='ocrx_word' id='word_1_377' title='bbox 648 3574 788 3644; x_wconf 76' lang='grc' dir='ltr'><strong>μετὰ</strong></span> <span class='ocrx_word' id='word_1_378' title='bbox 828 3577 922 3629; x_wconf 87' lang='grc' dir='ltr'><strong>τοῦ</strong></span> <span class='ocrx_word' id='word_1_379' title='bbox 961 3577 1232 3630; x_wconf 82' lang='grc' dir='ltr'><strong>Δεσπότου</strong></span> <span class='ocrx_word' id='word_1_380' title='bbox 1277 3576 1528 3650; x_wconf 76' lang='grc' dir='ltr'><strong>Λάζαρος</strong></span> <span class='ocrx_word' id='word_1_381' title='bbox 1581 3580 1763 3635; x_wconf 77' lang='grc' dir='ltr'><strong>ἑστιά-</strong></span> 
     </span>
    </p>
   </div>
   <div class='ocr_carea' id='block_1_54' title="bbox 180 3665 1766 3742">
    <p class='ocr_par' dir='ltr' id='par_1_54' title="bbox 180 3665 1766 3742">
     <span class='ocr_line' id='line_1_54' title="bbox 180 3665 1766 3742; baseline 0.004 -23"><span class='ocrx_word' id='word_1_382' title='bbox 180 3682 347 3728; x_wconf 89' lang='grc' dir='ltr'><strong>σατο,</strong></span> <span class='ocrx_word' id='word_1_383' title='bbox 393 3665 455 3719; x_wconf 79' lang='grc' dir='ltr'><strong>τὸ</strong></span> <span class='ocrx_word' id='word_1_384' title='bbox 505 3665 626 3719; x_wconf 82' lang='grc' dir='ltr'><strong>καθ’</strong></span> <span class='ocrx_word' id='word_1_385' title='bbox 669 3667 861 3721; x_wconf 80' lang='grc' dir='ltr'><strong>ἑαυτὸν</strong></span> <span class='ocrx_word' id='word_1_386' title='bbox 923 3671 1057 3739; x_wconf 76' lang='grc' dir='ltr'><strong>ἡμῖν</strong></span> <span class='ocrx_word' id='word_1_387' title='bbox 1104 3668 1326 3742; x_wconf 77' lang='grc' dir='ltr'><strong>προθεὶς</strong></span> <span class='ocrx_word' id='word_1_388' title='bbox 1384 3672 1465 3734; x_wconf 84' lang='grc' dir='ltr'><strong>εἰς</strong></span> <span class='ocrx_word' id='word_1_389' title='bbox 1523 3671 1766 3726; x_wconf 78' lang='grc' dir='ltr'><strong>ἑστίασιν</strong></span> 
     </span>
    </p>
   </div>
   <div class='ocr_carea' id='block_1_55' title="bbox 177 3757 1764 3834">
    <p class='ocr_par' dir='ltr' id='par_1_55' title="bbox 177 3757 1764 3834">
     <span class='ocr_line' id='line_1_55' title="bbox 177 3757 1764 3834; baseline 0.003 -24"><span class='ocrx_word' id='word_1_390' title='bbox 177 3757 404 3826; x_wconf 74' lang='grc' dir='ltr'><strong>θαῦμα·</strong></span> <span class='ocrx_word' id='word_1_391' title='bbox 437 3759 676 3829; x_wconf 82' lang='grc' dir='ltr'><strong>σήμερον</strong></span> <span class='ocrx_word' id='word_1_392' title='bbox 714 3759 875 3823; x_wconf 76' lang='grc' dir='ltr'><strong>αὐτὸς</strong></span> <span class='ocrx_word' id='word_1_393' title='bbox 917 3761 946 3813; x_wconf 90' lang='grc' dir='ltr'><strong>ό</strong></span> <span class='ocrx_word' id='word_1_394' title='bbox 989 3759 1123 3824; x_wconf 75' lang='grc' dir='ltr'><strong>Θεὸς</strong></span> <span class='ocrx_word' id='word_1_395' title='bbox 1169 3763 1262 3815; x_wconf 76' lang='grc' dir='ltr'><strong>καὶ</strong></span> <span class='ocrx_word' id='word_1_396' title='bbox 1293 3761 1465 3830; x_wconf 82' lang='grc' dir='ltr'><strong>Λόγος</strong></span> <span class='ocrx_word' id='word_1_397' title='bbox 1505 3762 1595 3815; x_wconf 79' lang='grc' dir='ltr'><strong>τὸν</strong></span> <span class='ocrx_word' id='word_1_398' title='bbox 1626 3763 1764 3834; x_wconf 78' lang='grc' dir='ltr'><strong>ὴμέ-</strong></span> 
     </span>
    </p>
   </div>
   <div class='ocr_carea' id='block_1_56' title="bbox 175 3849 1764 3923">
    <p class='ocr_par' dir='ltr' id='par_1_56' title="bbox 175 3849 1764 3923">
     <span class='ocr_line' id='line_1_56' title="bbox 175 3849 1764 3923; baseline 0.004 -22"><span class='ocrx_word' id='word_1_399' title='bbox 175 3865 338 3919; x_wconf 84' lang='grc' dir='ltr'><strong>τερον</strong></span> <span class='ocrx_word' id='word_1_400' title='bbox 367 3850 523 3920; x_wconf 76' lang='grc' dir='ltr'><strong>ἑστιᾷ</strong></span> <span class='ocrx_word' id='word_1_401' title='bbox 549 3849 705 3919; x_wconf 89' lang='grc' dir='ltr'><strong>λόγον</strong></span> <span class='ocrx_word' id='word_1_402' title='bbox 735 3851 862 3921; x_wconf 74' lang='grc' dir='ltr'><strong>ὑμῖν</strong></span> <span class='ocrx_word' id='word_1_403' title='bbox 901 3855 1011 3916; x_wconf 79' lang='grc' dir='ltr'><strong>τοῖς</strong></span> <span class='ocrx_word' id='word_1_404' title='bbox 1045 3852 1348 3923; x_wconf 81' lang='grc' dir='ltr'><strong>φιλεόρτοις</strong></span> <span class='ocrx_word' id='word_1_405' title='bbox 1398 3853 1490 3906; x_wconf 76' lang='grc' dir='ltr'><strong>καὶ</strong></span> <span class='ocrx_word' id='word_1_406' title='bbox 1532 3853 1764 3922; x_wconf 80' lang='grc' dir='ltr'><strong>φιλοκά-</strong></span> 
     </span>
    </p>
   </div>
   <div class='ocr_carea' id='block_1_57' title="bbox 172 3942 1763 4016">
    <p class='ocr_par' dir='ltr' id='par_1_57' title="bbox 172 3942 1763 4016">
     <span class='ocr_line' id='line_1_57' title="bbox 172 3942 1763 4016; baseline 0.003 -21"><span class='ocrx_word' id='word_1_407' title='bbox 172 3942 326 4007; x_wconf 78' lang='grc' dir='ltr'><strong>λοις,</strong></span> <span class='ocrx_word' id='word_1_408' title='bbox 361 3945 474 4007; x_wconf 79' lang='grc' dir='ltr'><strong>τοῖς</strong></span> <span class='ocrx_word' id='word_1_409' title='bbox 515 3944 610 4010; x_wconf 81' lang='grc' dir='ltr'><strong>ἀφ’</strong></span> <span class='ocrx_word' id='word_1_410' title='bbox 643 3943 827 3998; x_wconf 73' lang='grc' dir='ltr'><strong>ἱκανοῦ</strong></span> <span class='ocrx_word' id='word_1_411' title='bbox 870 3943 970 4015; x_wconf 83' lang='grc' dir='ltr'><strong>μὲν</strong></span> <span class='ocrx_word' id='word_1_412' title='bbox 1009 3946 1316 4014; x_wconf 81' lang='grc' dir='ltr'><strong>ἡγωνικόσι-</strong></span> <span class='ocrx_word' id='word_1_413' title='bbox 1349 3944 1428 4015; x_wconf 83' lang='grc' dir='ltr'><strong>τῷ</strong></span> <span class='ocrx_word' id='word_1_414' title='bbox 1471 3944 1624 4016; x_wconf 72' lang='grc' dir='ltr'><strong>ἄχθει</strong></span> <span class='ocrx_word' id='word_1_415' title='bbox 1653 3945 1763 3999; x_wconf 91' lang='grc' dir='ltr'><strong>τῶν</strong></span> 
     </span>
    </p>
   </div>
   <div class='ocr_carea' id='block_1_58' title="bbox 176 4035 1761 4109">
    <p class='ocr_par' dir='ltr' id='par_1_58' title="bbox 176 4035 1761 4109">
     <span class='ocr_line' id='line_1_58' title="bbox 176 4035 1761 4109; baseline 0 -19"><span class='ocrx_word' id='word_1_416' title='bbox 176 4035 499 4106; x_wconf 78' lang='grc' dir='ltr'><strong>συμφορῶν,</strong></span> <span class='ocrx_word' id='word_1_417' title='bbox 522 4035 910 4108; x_wconf 71' lang='grc' dir='ltr'><strong>ἑπιρρωσθεῖσι</strong></span> <span class='ocrx_word' id='word_1_418' title='bbox 930 4036 985 4090; x_wconf 74' lang='grc' dir='ltr'><strong>δὲ</strong></span> <span class='ocrx_word' id='word_1_419' title='bbox 1005 4037 1243 4108; x_wconf 83' lang='grc' dir='ltr'><strong>σήμερον</strong></span> <span class='ocrx_word' id='word_1_420' title='bbox 1269 4037 1373 4090; x_wconf 74' lang='grc' dir='ltr'><strong>ὑπὸ</strong></span> <span class='ocrx_word' id='word_1_421' title='bbox 1399 4036 1761 4109; x_wconf 78' lang='grc' dir='ltr'><strong>περιχαρείας</strong></span> 
     </span>
    </p>
   </div>
   <div class='ocr_carea' id='block_1_59' title="bbox 171 4129 1760 4200">
    <p class='ocr_par' dir='ltr' id='par_1_59' title="bbox 171 4129 1760 4200">
     <span class='ocr_line' id='line_1_59' title="bbox 171 4129 1760 4200; baseline 0.001 -20"><span class='ocrx_word' id='word_1_422' title='bbox 171 4129 278 4198; x_wconf 73' lang='grc' dir='ltr'><strong>τῆς</strong></span> <span class='ocrx_word' id='word_1_423' title='bbox 311 4129 644 4197; x_wconf 77' lang='grc' dir='ltr'><strong>Δεσποτικῆς</strong></span> <span class='ocrx_word' id='word_1_424' title='bbox 665 4129 1046 4200; x_wconf 77' lang='grc' dir='ltr'><strong>πανηγύρεως.</strong></span> <span class='ocrx_word' id='word_1_425' title='bbox 1082 4131 1190 4183; x_wconf 77' lang='grc' dir='ltr'><strong>Καὶ</strong></span> <span class='ocrx_word' id='word_1_426' title='bbox 1231 4129 1377 4198; x_wconf 86' lang='grc' dir='ltr'><strong>μάλα</strong></span> <span class='ocrx_word' id='word_1_427' title='bbox 1413 4131 1656 4192; x_wconf 75' lang='grc' dir='ltr'><strong>εἰκότως.</strong></span> <span class='ocrx_word' id='word_1_428' title='bbox 1697 4129 1760 4182; x_wconf 83' lang='lat' dir='ltr'><strong>Ei</strong></span> 
     </span>
    </p>
   </div>
   <div class='ocr_carea' id='block_1_60' title="bbox 174 4217 1760 4291">
    <p class='ocr_par' dir='ltr' id='par_1_60' title="bbox 174 4217 1760 4291">
     <span class='ocr_line' id='line_1_60' title="bbox 174 4217 1760 4291; baseline 0.003 -20"><span class='ocrx_word' id='word_1_429' title='bbox 174 4219 289 4288; x_wconf 75' lang='grc' dir='ltr'><strong>γάρ</strong></span> <span class='ocrx_word' id='word_1_430' title='bbox 341 4220 500 4282; x_wconf 72' lang='grc' dir='ltr'><strong>αὐτὸς</strong></span> <span class='ocrx_word' id='word_1_431' title='bbox 541 4217 630 4274; x_wconf 76' lang='grc' dir='ltr'><strong>οἷα</strong></span> <span class='ocrx_word' id='word_1_432' title='bbox 675 4221 809 4284; x_wconf 82' lang='grc' dir='ltr'><strong>Θεὸς</strong></span> <span class='ocrx_word' id='word_1_433' title='bbox 835 4221 1082 4285; x_wconf 73' lang='grc' dir='ltr'><strong>ἐπιστὰς,</strong></span> <span class='ocrx_word' id='word_1_434' title='bbox 1123 4221 1212 4274; x_wconf 77' lang='grc' dir='ltr'><strong>τὸν</strong></span> <span class='ocrx_word' id='word_1_435' title='bbox 1245 4221 1346 4291; x_wconf 69' lang='grc' dir='ltr'><strong>ἤδη</strong></span> <span class='ocrx_word' id='word_1_436' title='bbox 1381 4222 1634 4291; x_wconf 83' lang='grc' dir='ltr'><strong>μυδῶντα</strong></span> <span class='ocrx_word' id='word_1_437' title='bbox 1666 4222 1760 4275; x_wconf 78' lang='grc' dir='ltr'><strong>καὶ</strong></span> 
     </span>
    </p>
   </div>
   <div class='ocr_carea' id='block_1_61' title="bbox 175 4311 1760 4384">
    <p class='ocr_par' dir='ltr' id='par_1_61' title="bbox 175 4311 1760 4384">
     <span class='ocr_line' id='line_1_61' title="bbox 175 4311 1760 4384; baseline 0.002 -20"><span class='ocrx_word' id='word_1_438' title='bbox 175 4311 455 4380; x_wconf 76' lang='grc' dir='ltr'><strong>σεσηπότα</strong></span> <span class='ocrx_word' id='word_1_439' title='bbox 490 4312 597 4364; x_wconf 87' lang='grc' dir='ltr'><strong>τῶν</strong></span> <span class='ocrx_word' id='word_1_440' title='bbox 643 4313 768 4384; x_wconf 69' lang='grc' dir='ltr'><strong>ᾅδου</strong></span> <span class='ocrx_word' id='word_1_441' title='bbox 806 4312 992 4383; x_wconf 80' lang='grc' dir='ltr'><strong>μυχῶν</strong></span> <span class='ocrx_word' id='word_1_442' title='bbox 1028 4311 1433 4384; x_wconf 77' lang='grc' dir='ltr'><strong>ἁνεζώγρησεν,</strong></span> <span class='ocrx_word' id='word_1_443' title='bbox 1468 4313 1501 4384; x_wconf 80' lang='grc' dir='ltr'><strong>ἧ</strong></span> <span class='ocrx_word' id='word_1_444' title='bbox 1533 4331 1634 4366; x_wconf 88' lang='grc' dir='ltr'><strong>που</strong></span> <span class='ocrx_word' id='word_1_445' title='bbox 1665 4315 1760 4368; x_wconf 78' lang='grc' dir='ltr'><strong>καὶ</strong></span> 
     </span>
    </p>
   </div>
   <div class='ocr_carea' id='block_1_62' title="bbox 174 4403 1760 4478">
    <p class='ocr_par' dir='ltr' id='par_1_62' title="bbox 174 4403 1760 4478">
     <span class='ocr_line' id='line_1_62' title="bbox 174 4403 1760 4478; baseline 0.003 -23"><span class='ocrx_word' id='word_1_446' title='bbox 174 4403 276 4458; x_wconf 85' lang='grc' dir='ltr'><strong>νῦν</strong></span> <span class='ocrx_word' id='word_1_447' title='bbox 321 4405 413 4457; x_wconf 85' lang='grc' dir='ltr'><strong>τοῦ</strong></span> <span class='ocrx_word' id='word_1_448' title='bbox 468 4406 810 4476; x_wconf 71' lang='grc' dir='ltr'><strong>γηράσαντος</strong></span> <span class='ocrx_word' id='word_1_449' title='bbox 861 4408 920 4459; x_wconf 83' lang='grc' dir='ltr'><strong>ὲν</strong></span> <span class='ocrx_word' id='word_1_450' title='bbox 969 4409 1100 4477; x_wconf 81' lang='grc' dir='ltr'><strong>ἡμῖν</strong></span> <span class='ocrx_word' id='word_1_451' title='bbox 1151 4408 1314 4476; x_wconf 84' lang='grc' dir='ltr'><strong>λόγου</strong></span> <span class='ocrx_word' id='word_1_452' title='bbox 1371 4405 1650 4478; x_wconf 76' lang='grc' dir='ltr'><strong>νευρώσας</strong></span> <span class='ocrx_word' id='word_1_453' title='bbox 1697 4406 1760 4459; x_wconf 74' lang='grc' dir='ltr'><strong>τὸ</strong></span> 
     </span>
    </p>
   </div>
   <div class='ocr_carea' id='block_1_63' title="bbox 176 4497 1760 4572">
    <p class='ocr_par' dir='ltr' id='par_1_63' title="bbox 176 4497 1760 4572">
     <span class='ocr_line' id='line_1_63' title="bbox 176 4497 1760 4572; baseline 0.001 -22"><span class='ocrx_word' id='word_1_454' title='bbox 176 4497 397 4560; x_wconf 72' lang='grc' dir='ltr'><strong>ἄτονον,</strong></span> <span class='ocrx_word' id='word_1_455' title='bbox 456 4499 774 4568; x_wconf 58' lang='grc' dir='ltr'><strong>σφριγῶντα</strong></span> <span class='ocrx_word' id='word_1_456' title='bbox 825 4499 991 4564; x_wconf 78' lang='grc' dir='ltr'><strong>δείξει</strong></span> <span class='ocrx_word' id='word_1_457' title='bbox 1041 4501 1178 4570; x_wconf 75' lang='grc' dir='ltr'><strong>πρδς</strong></span> <span class='ocrx_word' id='word_1_458' title='bbox 1224 4501 1322 4572; x_wconf 80' lang='grc' dir='ltr'><strong>τὴν</strong></span> <span class='ocrx_word' id='word_1_459' title='bbox 1375 4500 1760 4571; x_wconf 75' lang='grc' dir='ltr'><strong>ὲγηγερμένην</strong></span> 
     </span>
    </p>
   </div>
   <div class='ocr_carea' id='block_1_64' title="bbox 1871 1937 3450 2001">
    <p class='ocr_par' dir='ltr' id='par_1_64' title="bbox 1871 1937 3450 2001">
     <span class='ocr_line' id='line_1_64' title="bbox 1871 1937 3450 2001; baseline -0.001 -9"><span class='ocrx_word' id='word_1_460' title='bbox 1871 1937 2095 1993; x_wconf 84' lang='lat' dir='ltr'><strong>Christo</strong></span> <span class='ocrx_word' id='word_1_461' title='bbox 2147 1940 2378 2001; x_wconf 87' lang='lat' dir='ltr'><strong>amicas,</strong></span> <span class='ocrx_word' id='word_1_462' title='bbox 2423 1945 2481 1992; x_wconf 91' lang='lat' dir='ltr'><strong>ut</strong></span> <span class='ocrx_word' id='word_1_463' title='bbox 2514 1953 2640 1992; x_wconf 91' lang='lat' dir='ltr'><strong>cum</strong></span> <span class='ocrx_word' id='word_1_464' title='bbox 2699 1949 2954 1994; x_wconf 92' lang='lat' dir='ltr'><strong>mortuus</strong></span> <span class='ocrx_word' id='word_1_465' title='bbox 2996 1938 3191 2000; x_wconf 86' lang='lat' dir='ltr'><strong>fueris,</strong></span> <span class='ocrx_word' id='word_1_466' title='bbox 3223 1938 3450 1992; x_wconf 90' lang='lat' dir='ltr'><strong>mittant</strong></span> 
     </span>
    </p>
   </div>
   <div class='ocr_carea' id='block_1_65' title="bbox 1873 2027 3443 2094">
    <p class='ocr_par' dir='ltr' id='par_1_65' title="bbox 1873 2027 3443 2094">
     <span class='ocr_line' id='line_1_65' title="bbox 1873 2027 3443 2094; baseline 0 -12"><span class='ocrx_word' id='word_1_467' title='bbox 1873 2029 1942 2082; x_wconf 89' lang='lat' dir='ltr'><strong>ad</strong></span> <span class='ocrx_word' id='word_1_468' title='bbox 1989 2027 2203 2093; x_wconf 84' lang='lat' dir='ltr'><strong>Jcsum.</strong></span> <span class='ocrx_word' id='word_1_469' title='bbox 2265 2031 2410 2084; x_wconf 86' lang='lat' dir='ltr'><strong>sicut</strong></span> <span class='ocrx_word' id='word_1_470' title='bbox 2469 2029 2640 2084; x_wconf 77' lang='lat' dir='ltr'><strong>Maria</strong></span> <span class='ocrx_word' id='word_1_471' title='bbox 2687 2039 2739 2084; x_wconf 90' lang='lat' dir='ltr'><strong>et</strong></span> <span class='ocrx_word' id='word_1_472' title='bbox 2769 2029 3001 2094; x_wconf 76' lang='lat' dir='ltr'><strong>Martha,</strong></span> <span class='ocrx_word' id='word_1_473' title='bbox 3044 2029 3138 2084; x_wconf 79' lang='lat' dir='ltr'><strong>illa</strong></span> <span class='ocrx_word' id='word_1_474' title='bbox 3168 2042 3443 2093; x_wconf 88' lang='lat' dir='ltr'><strong>sermone,</strong></span> 
     </span>
    </p>
   </div>
   <div class='ocr_carea' id='block_1_66' title="bbox 1873 2118 3449 2190">
    <p class='ocr_par' dir='ltr' id='par_1_66' title="bbox 1873 2118 3449 2190">
     <span class='ocr_line' id='line_1_66' title="bbox 1873 2118 3449 2190; baseline -0.003 -16"><span class='ocrx_word' id='word_1_475' title='bbox 1873 2120 1989 2174; x_wconf 66' lang='lat' dir='ltr'><strong>ltatzc</strong></span> <span class='ocrx_word' id='word_1_476' title='bbox 2025 2135 2192 2190; x_wconf 85' lang='lat' dir='ltr'><strong>opere</strong></span> <span class='ocrx_word' id='word_1_477' title='bbox 2225 2121 2478 2176; x_wconf 87' lang='lat' dir='ltr'><strong>dicentes</strong></span> <span class='ocrx_word' id='word_1_478' title='bbox 2511 2138 2525 2175; x_wconf 91' lang='lat'><strong>:</strong></span> <span class='ocrx_word' id='word_1_479' title='bbox 2568 2139 2587 2171; x_wconf 81' lang='grc' dir='ltr'><strong>ι</strong></span> <span class='ocrx_word' id='word_1_480' title='bbox 2644 2118 2898 2184; x_wconf 88' lang='lat' dir='ltr'><strong>Domine,</strong></span> <span class='ocrx_word' id='word_1_481' title='bbox 2930 2134 3060 2174; x_wconf 75' lang='lat' dir='ltr'><strong>ecce</strong></span> <span class='ocrx_word' id='word_1_482' title='bbox 3099 2132 3262 2188; x_wconf 86' lang='lat' dir='ltr'><strong>quem</strong></span> <span class='ocrx_word' id='word_1_483' title='bbox 3294 2130 3449 2171; x_wconf 86' lang='lat' dir='ltr'><strong>amas</strong></span> 
     </span>
    </p>
   </div>
   <div class='ocr_carea' id='block_1_67' title="bbox 1874 2207 3450 2280">
    <p class='ocr_par' dir='ltr' id='par_1_67' title="bbox 1874 2207 3450 2280">
     <span class='ocr_line' id='line_1_67' title="bbox 1874 2207 3450 2280; baseline -0.004 -13"><span class='ocrx_word' id='word_1_484' title='bbox 1874 2213 2208 2268; x_wconf 82' lang='lat' dir='ltr'><strong>infirmatur.</strong></span> <span class='ocrx_word' id='word_1_485' title='bbox 2246 2231 2267 2264; x_wconf 72' lang='grc' dir='ltr'><strong>ι</strong></span> <span class='ocrx_word' id='word_1_486' title='bbox 2308 2211 2379 2266; x_wconf 89' lang='lat' dir='ltr'><strong>Ut</strong></span> <span class='ocrx_word' id='word_1_487' title='bbox 2413 2227 2538 2266; x_wconf 89' lang='lat' dir='ltr'><strong>cum</strong></span> <span class='ocrx_word' id='word_1_488' title='bbox 2580 2211 2755 2267; x_wconf 89' lang='lat' dir='ltr'><strong>fueris</strong></span> <span class='ocrx_word' id='word_1_489' title='bbox 2804 2212 3048 2280; x_wconf 80' lang='lat' dir='ltr'><strong>perfecte</strong></span> <span class='ocrx_word' id='word_1_490' title='bbox 3079 2207 3450 2264; x_wconf 81' lang='lat' dir='ltr'><strong>mortificatus</strong></span> 
     </span>
    </p>
   </div>
   <div class='ocr_carea' id='block_1_68' title="bbox 1873 2299 3448 2374">
    <p class='ocr_par' dir='ltr' id='par_1_68' title="bbox 1873 2299 3448 2374">
     <span class='ocr_line' id='line_1_68' title="bbox 1873 2299 3448 2374; baseline -0.003 -15"><span class='ocrx_word' id='word_1_491' title='bbox 1873 2305 2102 2367; x_wconf 86' lang='lat' dir='ltr'><strong>mundo,</strong></span> <span class='ocrx_word' id='word_1_492' title='bbox 2141 2314 2196 2359; x_wconf 89' lang='lat' dir='ltr'><strong>et</strong></span> <span class='ocrx_word' id='word_1_493' title='bbox 2263 2305 2332 2359; x_wconf 85' lang='lat' dir='ltr'><strong>iis</strong></span> <span class='ocrx_word' id='word_1_494' title='bbox 2387 2319 2510 2374; x_wconf 64' lang='lat' dir='ltr'><strong>quae</strong></span> <span class='ocrx_word' id='word_1_495' title='bbox 2569 2313 2702 2358; x_wconf 90' lang='lat' dir='ltr'><strong>sunt</strong></span> <span class='ocrx_word' id='word_1_496' title='bbox 2757 2305 2812 2358; x_wconf 92' lang='lat' dir='ltr'><strong>in</strong></span> <span class='ocrx_word' id='word_1_497' title='bbox 2869 2301 3097 2368; x_wconf 87' lang='lat' dir='ltr'><strong>mundo,</strong></span> <span class='ocrx_word' id='word_1_498' title='bbox 3147 2299 3448 2355; x_wconf 79' lang='lat' dir='ltr'><strong>adveniens</strong></span> 
     </span>
    </p>
   </div>
   <div class='ocr_carea' id='block_1_69' title="bbox 1871 2391 3444 2464">
    <p class='ocr_par' dir='ltr' id='par_1_69' title="bbox 1871 2391 3444 2464">
     <span class='ocr_line' id='line_1_69' title="bbox 1871 2391 3444 2464; baseline -0.003 -14"><span class='ocrx_word' id='word_1_499' title='bbox 1871 2395 2130 2452; x_wconf 83' lang='lat' dir='ltr'><strong>Christus</strong></span> <span class='ocrx_word' id='word_1_500' title='bbox 2159 2397 2449 2451; x_wconf 69' lang='lat' dir='ltr'><strong>resuscitvt</strong></span> <span class='ocrx_word' id='word_1_501' title='bbox 2485 2406 2555 2462; x_wconf 86' lang='lat' dir='ltr'><strong>te,</strong></span> <span class='ocrx_word' id='word_1_502' title='bbox 2585 2395 2736 2450; x_wconf 85' lang='lat' dir='ltr'><strong>dicat</strong></span> <span class='ocrx_word' id='word_1_503' title='bbox 2767 2409 2897 2450; x_wconf 86' lang='lat' dir='ltr'><strong>vero</strong></span> <span class='ocrx_word' id='word_1_504' title='bbox 2937 2392 3007 2448; x_wconf 88' lang='lat' dir='ltr'><strong>ad</strong></span> <span class='ocrx_word' id='word_1_505' title='bbox 3035 2391 3259 2464; x_wconf 76' lang='lat' dir='ltr'><strong>angelos</strong></span> <span class='ocrx_word' id='word_1_506' title='bbox 3293 2406 3444 2446; x_wconf 90' lang='lat' dir='ltr'><strong>suos:</strong></span> 
     </span>
    </p>
   </div>
   <div class='ocr_carea' id='block_1_70' title="bbox 1877 2483 3444 2552">
    <p class='ocr_par' dir='ltr' id='par_1_70' title="bbox 1877 2483 3444 2552">
     <span class='ocr_line' id='line_1_70' title="bbox 1877 2483 3444 2552; baseline -0.003 -11"><span class='ocrx_word' id='word_1_507' title='bbox 1877 2507 1896 2540; x_wconf 75' lang='grc' dir='ltr'><strong>ι</strong></span> <span class='ocrx_word' id='word_1_508' title='bbox 1936 2487 2165 2548; x_wconf 82' lang='lat' dir='ltr'><strong>Solvite.</strong></span> <span class='ocrx_word' id='word_1_509' title='bbox 2197 2498 2252 2543; x_wconf 93' lang='lat' dir='ltr'><strong>et</strong></span> <span class='ocrx_word' id='word_1_510' title='bbox 2279 2489 2448 2543; x_wconf 86' lang='lat' dir='ltr'><strong>sinite</strong></span> <span class='ocrx_word' id='word_1_511' title='bbox 2475 2489 2670 2542; x_wconf 89' lang='lat' dir='ltr'><strong>abire..</strong></span> <span class='ocrx_word' id='word_1_512' title='bbox 2692 2507 2711 2540; x_wconf 70' lang='grc' dir='ltr'><strong>ι</strong></span> <span class='ocrx_word' id='word_1_513' title='bbox 2750 2485 2969 2542; x_wconf 77' lang='lat' dir='ltr'><strong>Solvite.</strong></span> <span class='ocrx_word' id='word_1_514' title='bbox 3003 2483 3201 2540; x_wconf 73' lang='lat' dir='ltr'><strong>Unde?</strong></span> <span class='ocrx_word' id='word_1_515' title='bbox 3239 2485 3278 2538; x_wconf 76' lang='grc' dir='ltr'><strong>Α</strong></span> <span class='ocrx_word' id='word_1_516' title='bbox 3313 2496 3444 2552; x_wconf 85' lang='lat' dir='ltr'><strong>pec-</strong></span> 
     </span>
    </p>
   </div>
   <div class='ocr_carea' id='block_1_71' title="bbox 1871 2575 3441 2646">
    <p class='ocr_par' dir='ltr' id='par_1_71' title="bbox 1871 2575 3441 2646">
     <span class='ocr_line' id='line_1_71' title="bbox 1871 2575 3441 2646; baseline -0.004 -11"><span class='ocrx_word' id='word_1_517' title='bbox 1871 2581 1976 2635; x_wconf 90' lang='lat' dir='ltr'><strong>cati</strong></span> <span class='ocrx_word' id='word_1_518' title='bbox 2013 2581 2271 2636; x_wconf 80' lang='lat' dir='ltr'><strong>vinculis.</strong></span> <span class='ocrx_word' id='word_1_519' title='bbox 2300 2580 2422 2646; x_wconf 80' lang='lat' dir='ltr'><strong>Quo</strong></span> <span class='ocrx_word' id='word_1_520' title='bbox 2459 2588 2642 2634; x_wconf 86' lang='lat' dir='ltr'><strong>autem</strong></span> <span class='ocrx_word' id='word_1_521' title='bbox 2675 2579 2870 2633; x_wconf 80' lang='lat' dir='ltr'><strong>abire?</strong></span> <span class='ocrx_word' id='word_1_522' title='bbox 2899 2579 2977 2632; x_wconf 79' lang='lat' dir='ltr'><strong>Ad</strong></span> <span class='ocrx_word' id='word_1_523' title='bbox 3002 2575 3237 2632; x_wconf 63' lang='lat' dir='ltr'><strong>Abrahae</strong></span> <span class='ocrx_word' id='word_1_524' title='bbox 3263 2575 3441 2630; x_wconf 86' lang='lat' dir='ltr'><strong>sinus:</strong></span> 
     </span>
    </p>
   </div>
   <div class='ocr_carea' id='block_1_72' title="bbox 1871 2669 3450 2744">
    <p class='ocr_par' dir='ltr' id='par_1_72' title="bbox 1871 2669 3450 2744">
     <span class='ocr_line' id='line_1_72' title="bbox 1871 2669 3450 2744; baseline -0.003 -16"><span class='ocrx_word' id='word_1_525' title='bbox 1871 2673 1938 2728; x_wconf 87' lang='lat' dir='ltr'><strong>ad</strong></span> <span class='ocrx_word' id='word_1_526' title='bbox 1990 2683 2199 2729; x_wconf 69' lang='lat' dir='ltr'><strong>aeterna</strong></span> <span class='ocrx_word' id='word_1_527' title='bbox 2253 2673 2664 2728; x_wconf 84' lang='lat' dir='ltr'><strong>tabernacula:</strong></span> <span class='ocrx_word' id='word_1_528' title='bbox 2726 2671 2794 2727; x_wconf 81' lang='lat' dir='ltr'><strong>ad</strong></span> <span class='ocrx_word' id='word_1_529' title='bbox 2842 2672 3046 2727; x_wconf 67' lang='lat' dir='ltr'><strong>divinae</strong></span> <span class='ocrx_word' id='word_1_530' title='bbox 3094 2669 3299 2740; x_wconf 79' lang='lat' dir='ltr'><strong>quietis</strong></span> <span class='ocrx_word' id='word_1_531' title='bbox 3346 2683 3450 2744; x_wconf 34' lang='lat' dir='ltr'><strong>ne.-</strong></span> 
     </span>
    </p>
   </div>
   <div class='ocr_carea' id='block_1_73' title="bbox 1871 2760 3448 2830">
    <p class='ocr_par' dir='ltr' id='par_1_73' title="bbox 1871 2760 3448 2830">
     <span class='ocr_line' id='line_1_73' title="bbox 1871 2760 3448 2830; baseline -0.005 -8"><span class='ocrx_word' id='word_1_532' title='bbox 1871 2767 2044 2822; x_wconf 88' lang='lat' dir='ltr'><strong>sciam</strong></span> <span class='ocrx_word' id='word_1_533' title='bbox 2081 2766 2224 2821; x_wconf 91' lang='lat' dir='ltr'><strong>senii</strong></span> <span class='ocrx_word' id='word_1_534' title='bbox 2273 2764 2698 2822; x_wconf 85' lang='lat' dir='ltr'><strong>beatitudinem.</strong></span> <span class='ocrx_word' id='word_1_535' title='bbox 2738 2765 2915 2830; x_wconf 83' lang='lat' dir='ltr'><strong>Quam</strong></span> <span class='ocrx_word' id='word_1_536' title='bbox 2968 2779 3068 2820; x_wconf 91' lang='lat' dir='ltr'><strong>nos</strong></span> <span class='ocrx_word' id='word_1_537' title='bbox 3106 2778 3302 2818; x_wconf 88' lang='lat' dir='ltr'><strong>omnes</strong></span> <span class='ocrx_word' id='word_1_538' title='bbox 3335 2760 3448 2816; x_wconf 86' lang='lat' dir='ltr'><strong>uti-</strong></span> 
     </span>
    </p>
   </div>
   <div class='ocr_carea' id='block_1_74' title="bbox 1871 2852 3445 2930">
    <p class='ocr_par' dir='ltr' id='par_1_74' title="bbox 1871 2852 3445 2930">
     <span class='ocr_line' id='line_1_74' title="bbox 1871 2852 3445 2930; baseline -0.005 -15"><span class='ocrx_word' id='word_1_539' title='bbox 1871 2875 1998 2915; x_wconf 90' lang='lat' dir='ltr'><strong>nam</strong></span> <span class='ocrx_word' id='word_1_540' title='bbox 2024 2873 2456 2930; x_wconf 86' lang='lat' dir='ltr'><strong>consequamur,</strong></span> <span class='ocrx_word' id='word_1_541' title='bbox 2485 2859 2608 2928; x_wconf 86' lang='lat' dir='ltr'><strong>ejus</strong></span> <span class='ocrx_word' id='word_1_542' title='bbox 2657 2859 2834 2929; x_wconf 75' lang='lat' dir='ltr'><strong>gratia</strong></span> <span class='ocrx_word' id='word_1_543' title='bbox 2865 2865 2921 2914; x_wconf 90' lang='lat' dir='ltr'><strong>et</strong></span> <span class='ocrx_word' id='word_1_544' title='bbox 2953 2857 3317 2919; x_wconf 82' lang='lat' dir='ltr'><strong>humanitate,</strong></span> <span class='ocrx_word' id='word_1_545' title='bbox 3347 2852 3445 2924; x_wconf 87' lang='lat' dir='ltr'><strong>qui</strong></span> 
     </span>
    </p>
   </div>
   <div class='ocr_carea' id='block_1_75' title="bbox 1870 2944 3448 3020">
    <p class='ocr_par' dir='ltr' id='par_1_75' title="bbox 1870 2944 3448 3020">
     <span class='ocr_line' id='line_1_75' title="bbox 1870 2944 3448 3020; baseline -0.004 -16"><span class='ocrx_word' id='word_1_546' title='bbox 1870 2963 2067 3005; x_wconf 89' lang='lat' dir='ltr'><strong>omnes</strong></span> <span class='ocrx_word' id='word_1_547' title='bbox 2097 2965 2199 3004; x_wconf 92' lang='lat' dir='ltr'><strong>nos</strong></span> <span class='ocrx_word' id='word_1_548' title='bbox 2225 2951 2294 3004; x_wconf 86' lang='lat' dir='ltr'><strong>ad</strong></span> <span class='ocrx_word' id='word_1_549' title='bbox 2316 2964 2475 3006; x_wconf 88' lang='lat' dir='ltr'><strong>suam</strong></span> <span class='ocrx_word' id='word_1_550' title='bbox 2507 2949 2682 3020; x_wconf 84' lang='lat' dir='ltr'><strong>ipsius</strong></span> <span class='ocrx_word' id='word_1_551' title='bbox 2707 2957 2869 3004; x_wconf 85' lang='lat' dir='ltr'><strong>vocat</strong></span> <span class='ocrx_word' id='word_1_552' title='bbox 2893 2948 3258 3019; x_wconf 79' lang='lat' dir='ltr'><strong>agnitionem,</strong></span> <span class='ocrx_word' id='word_1_553' title='bbox 3289 2944 3448 3002; x_wconf 86' lang='lat' dir='ltr'><strong>Chri-</strong></span> 
     </span>
    </p>
   </div>
   <div class='ocr_carea' id='block_1_76' title="bbox 1873 3037 3443 3111">
    <p class='ocr_par' dir='ltr' id='par_1_76' title="bbox 1873 3037 3443 3111">
     <span class='ocr_line' id='line_1_76' title="bbox 1873 3037 3443 3111; baseline -0.003 -15"><span class='ocrx_word' id='word_1_554' title='bbox 1873 3043 1941 3096; x_wconf 89' lang='lat' dir='ltr'><strong>sti</strong></span> <span class='ocrx_word' id='word_1_555' title='bbox 1979 3041 2096 3095; x_wconf 64' lang='lat' dir='ltr'><strong>Veri</strong></span> <span class='ocrx_word' id='word_1_556' title='bbox 2157 3039 2250 3097; x_wconf 85' lang='lat' dir='ltr'><strong>Dei</strong></span> <span class='ocrx_word' id='word_1_557' title='bbox 2291 3041 2508 3096; x_wconf 87' lang='lat' dir='ltr'><strong>nostri:</strong></span> <span class='ocrx_word' id='word_1_558' title='bbox 2545 3056 2672 3097; x_wconf 91' lang='lat' dir='ltr'><strong>cum</strong></span> <span class='ocrx_word' id='word_1_559' title='bbox 2729 3055 2841 3111; x_wconf 88' lang='lat' dir='ltr'><strong>quo</strong></span> <span class='ocrx_word' id='word_1_560' title='bbox 2882 3038 3037 3094; x_wconf 88' lang='lat' dir='ltr'><strong>Patri</strong></span> <span class='ocrx_word' id='word_1_561' title='bbox 3094 3037 3291 3111; x_wconf 71' lang='lat' dir='ltr'><strong>gloria,</strong></span> <span class='ocrx_word' id='word_1_562' title='bbox 3333 3050 3443 3092; x_wconf 75' lang='lat' dir='ltr'><strong>una</strong></span> 
     </span>
    </p>
   </div>
   <div class='ocr_carea' id='block_1_77' title="bbox 1869 3130 3084 3203">
    <p class='ocr_par' dir='ltr' id='par_1_77' title="bbox 1869 3130 3084 3203">
     <span class='ocr_line' id='line_1_77' title="bbox 1869 3130 3084 3203; baseline -0.001 -16"><span class='ocrx_word' id='word_1_563' title='bbox 1869 3145 1993 3187; x_wconf 90' lang='lat' dir='ltr'><strong>cum</strong></span> <span class='ocrx_word' id='word_1_564' title='bbox 2021 3131 2232 3203; x_wconf 85' lang='lat' dir='ltr'><strong>Spiritu</strong></span> <span class='ocrx_word' id='word_1_565' title='bbox 2263 3140 2460 3188; x_wconf 87' lang='lat' dir='ltr'><strong>sancto</strong></span> <span class='ocrx_word' id='word_1_566' title='bbox 2485 3131 2539 3186; x_wconf 90' lang='lat' dir='ltr'><strong>in</strong></span> <span class='ocrx_word' id='word_1_567' title='bbox 2567 3133 2855 3188; x_wconf 66' lang='lat' dir='ltr'><strong>saeculum.</strong></span> <span class='ocrx_word' id='word_1_568' title='bbox 2888 3130 3084 3188; x_wconf 81' lang='lat' dir='ltr'><strong>Amen.</strong></span> 
     </span>
    </p>
   </div>
   <div class='ocr_carea' id='block_1_78' title="bbox 2454 3351 2840 3410">
    <p class='ocr_par' dir='ltr' id='par_1_78' title="bbox 2454 3351 2840 3410">
     <span class='ocr_line' id='line_1_78' title="bbox 2454 3351 2840 3410; baseline -0.003 -1"><span class='ocrx_word' id='word_1_569' title='bbox 2454 3351 2713 3410; x_wconf 79' lang='lat' dir='ltr'><strong>ORATIO</strong></span> <span class='ocrx_word' id='word_1_570' title='bbox 2751 3353 2840 3409; x_wconf 81' lang='lat' dir='ltr'><strong>IX.</strong></span> 
     </span>
    </p>
   </div>
   <div class='ocr_carea' id='block_1_79' title="bbox 2250 3466 3052 3542">
    <p class='ocr_par' dir='ltr' id='par_1_79' title="bbox 2250 3466 3052 3542">
     <span class='ocr_line' id='line_1_79' title="bbox 2250 3466 3052 3542; baseline 0.001 -20"><span class='ocrx_word' id='word_1_571' title='bbox 2250 3466 2320 3523; x_wconf 79' lang='lat' dir='ltr'><strong>In</strong></span> <span class='ocrx_word' id='word_1_572' title='bbox 2347 3485 2528 3524; x_wconf 75' lang='lat' dir='ltr'><strong>ramos</strong></span> <span class='ocrx_word' id='word_1_573' title='bbox 2573 3468 2887 3525; x_wconf 77' lang='lat' dir='ltr'><strong>Palinurum</strong></span> <span class='ocrx_word' id='word_1_574' title='bbox 2918 3468 3052 3542; x_wconf 86' lang='lat' dir='ltr'><strong>(l9).</strong></span> 
     </span>
    </p>
   </div>
   <div class='ocr_carea' id='block_1_80' title="bbox 1934 3582 3445 3655">
    <p class='ocr_par' dir='ltr' id='par_1_80' title="bbox 1934 3582 3445 3655">
     <span class='ocr_line' id='line_1_80' title="bbox 1934 3582 3445 3655; baseline 0.002 -18"><span class='ocrx_word' id='word_1_575' title='bbox 1934 3582 2049 3639; x_wconf 85' lang='lat' dir='ltr'><strong>Nos</strong></span> <span class='ocrx_word' id='word_1_576' title='bbox 2075 3583 2193 3639; x_wconf 88' lang='lat' dir='ltr'><strong>heri</strong></span> <span class='ocrx_word' id='word_1_577' title='bbox 2225 3598 2351 3640; x_wconf 90' lang='lat' dir='ltr'><strong>cum</strong></span> <span class='ocrx_word' id='word_1_578' title='bbox 2378 3585 2617 3642; x_wconf 91' lang='lat' dir='ltr'><strong>Domino</strong></span> <span class='ocrx_word' id='word_1_579' title='bbox 2647 3586 2918 3650; x_wconf 81' lang='lat' dir='ltr'><strong>Lazarus,</strong></span> <span class='ocrx_word' id='word_1_580' title='bbox 2950 3585 3204 3641; x_wconf 78' lang='lat' dir='ltr'><strong>miraculi</strong></span> <span class='ocrx_word' id='word_1_581' title='bbox 3237 3584 3293 3640; x_wconf 93' lang='lat' dir='ltr'><strong>in</strong></span> <span class='ocrx_word' id='word_1_582' title='bbox 3325 3585 3445 3655; x_wconf 85' lang='lat' dir='ltr'><strong>ipso</strong></span> 
     </span>
    </p>
   </div>
   <div class='ocr_carea' id='block_1_81' title="bbox 1865 3677 3441 3751">
    <p class='ocr_par' dir='ltr' id='par_1_81' title="bbox 1865 3677 3441 3751">
     <span class='ocr_line' id='line_1_81' title="bbox 1865 3677 3441 3751; baseline 0.001 -19"><span class='ocrx_word' id='word_1_583' title='bbox 1865 3677 2100 3732; x_wconf 74' lang='lat' dir='ltr'><strong>exhibiti</strong></span> <span class='ocrx_word' id='word_1_584' title='bbox 2159 3677 2395 3748; x_wconf 88' lang='lat' dir='ltr'><strong>dapibus</strong></span> <span class='ocrx_word' id='word_1_585' title='bbox 2441 3681 2773 3751; x_wconf 84' lang='lat' dir='ltr'><strong>propositis,</strong></span> <span class='ocrx_word' id='word_1_586' title='bbox 2822 3681 2971 3736; x_wconf 89' lang='lat' dir='ltr'><strong>laute</strong></span> <span class='ocrx_word' id='word_1_587' title='bbox 3018 3678 3441 3743; x_wconf 76' lang='lat' dir='ltr'><strong>habuit,.vobis</strong></span> 
     </span>
    </p>
   </div>
   <div class='ocr_carea' id='block_1_82' title="bbox 1868 3768 3443 3843">
    <p class='ocr_par' dir='ltr' id='par_1_82' title="bbox 1868 3768 3443 3843">
     <span class='ocr_line' id='line_1_82' title="bbox 1868 3768 3443 3843; baseline 0.003 -20"><span class='ocrx_word' id='word_1_588' title='bbox 1868 3769 2033 3826; x_wconf 84' lang='lat' dir='ltr'><strong>hodie</strong></span> <span class='ocrx_word' id='word_1_589' title='bbox 2065 3768 2190 3826; x_wconf 84' lang='lat' dir='ltr'><strong>festi</strong></span> <span class='ocrx_word' id='word_1_590' title='bbox 2239 3771 2571 3842; x_wconf 88' lang='lat' dir='ltr'><strong>honestique</strong></span> <span class='ocrx_word' id='word_1_591' title='bbox 2631 3772 2968 3836; x_wconf 86' lang='lat' dir='ltr'><strong>amantibus,</strong></span> <span class='ocrx_word' id='word_1_592' title='bbox 3004 3771 3151 3827; x_wconf 85' lang='lat' dir='ltr'><strong>Deus</strong></span> <span class='ocrx_word' id='word_1_593' title='bbox 3207 3773 3327 3843; x_wconf 88' lang='lat' dir='ltr'><strong>ipse</strong></span> <span class='ocrx_word' id='word_1_594' title='bbox 3376 3786 3443 3828; x_wconf 84' lang='lat' dir='ltr'><strong>ac</strong></span> 
     </span>
    </p>
   </div>
   <div class='ocr_carea' id='block_1_83' title="bbox 1868 3860 3440 3935">
    <p class='ocr_par' dir='ltr' id='par_1_83' title="bbox 1868 3860 3440 3935">
     <span class='ocr_line' id='line_1_83' title="bbox 1868 3860 3440 3935; baseline 0.002 -19"><span class='ocrx_word' id='word_1_595' title='bbox 1868 3860 2060 3916; x_wconf 87' lang='lat' dir='ltr'><strong>Sermo</strong></span> <span class='ocrx_word' id='word_1_596' title='bbox 2091 3877 2406 3918; x_wconf 89' lang='lat' dir='ltr'><strong>sermonem</strong></span> <span class='ocrx_word' id='word_1_597' title='bbox 2431 3874 2681 3920; x_wconf 83' lang='lat' dir='ltr'><strong>nostrum</strong></span> <span class='ocrx_word' id='word_1_598' title='bbox 2707 3880 2817 3935; x_wconf 90' lang='lat' dir='ltr'><strong>quo</strong></span> <span class='ocrx_word' id='word_1_599' title='bbox 2849 3864 3154 3932; x_wconf 88' lang='lat' dir='ltr'><strong>epulemini</strong></span> <span class='ocrx_word' id='word_1_600' title='bbox 3190 3865 3440 3934; x_wconf 87' lang='lat' dir='ltr'><strong>apponit.</strong></span> 
     </span>
    </p>
   </div>
   <div class='ocr_carea' id='block_1_84' title="bbox 1866 3953 3441 4026">
    <p class='ocr_par' dir='ltr' id='par_1_84' title="bbox 1866 3953 3441 4026">
     <span class='ocr_line' id='line_1_84' title="bbox 1866 3953 3441 4026; baseline 0.001 -19"><span class='ocrx_word' id='word_1_601' title='bbox 1866 3953 2034 4009; x_wconf 82' lang='lat' dir='ltr'><strong>Vobis</strong></span> <span class='ocrx_word' id='word_1_602' title='bbox 2100 3954 2349 4024; x_wconf 87' lang='lat' dir='ltr'><strong>inquam,</strong></span> <span class='ocrx_word' id='word_1_603' title='bbox 2405 3955 2572 4025; x_wconf 91' lang='lat' dir='ltr'><strong>quia</strong></span> <span class='ocrx_word' id='word_1_604' title='bbox 2631 3965 2713 4010; x_wconf 82' lang='lat' dir='ltr'><strong>sat</strong></span> <span class='ocrx_word' id='word_1_605' title='bbox 2765 3955 2940 4010; x_wconf 91' lang='lat' dir='ltr'><strong>multo</strong></span> <span class='ocrx_word' id='word_1_606' title='bbox 2985 3963 3260 4026; x_wconf 84' lang='lat' dir='ltr'><strong>tempore,</strong></span> <span class='ocrx_word' id='word_1_607' title='bbox 3315 3970 3441 4010; x_wconf 89' lang='lat' dir='ltr'><strong>cum</strong></span> 
     </span>
    </p>
   </div>
   <div class='ocr_carea' id='block_1_85' title="bbox 1868 4047 3442 4110">
    <p class='ocr_par' dir='ltr' id='par_1_85' title="bbox 1868 4047 3442 4110">
     <span class='ocr_line' id='line_1_85' title="bbox 1868 4047 3442 4110; baseline 0 -12"><span class='ocrx_word' id='word_1_608' title='bbox 1868 4047 2116 4100; x_wconf 88' lang='lat' dir='ltr'><strong>molestia</strong></span> <span class='ocrx_word' id='word_1_609' title='bbox 2171 4048 2552 4102; x_wconf 87' lang='lat' dir='ltr'><strong>calamitatum</strong></span> <span class='ocrx_word' id='word_1_610' title='bbox 2615 4055 2902 4103; x_wconf 87' lang='lat' dir='ltr'><strong>certamen</strong></span> <span class='ocrx_word' id='word_1_611' title='bbox 2956 4047 3253 4110; x_wconf 87' lang='lat' dir='ltr'><strong>habuistis,</strong></span> <span class='ocrx_word' id='word_1_612' title='bbox 3291 4061 3442 4100; x_wconf 86' lang='lat' dir='ltr'><strong>nunc</strong></span> 
     </span>
    </p>
   </div>
   <div class='ocr_carea' id='block_1_86' title="bbox 1867 4137 3442 4207">
    <p class='ocr_par' dir='ltr' id='par_1_86' title="bbox 1867 4137 3442 4207">
     <span class='ocr_line' id='line_1_86' title="bbox 1867 4137 3442 4207; baseline 0 -17"><span class='ocrx_word' id='word_1_613' title='bbox 1867 4147 2047 4192; x_wconf 86' lang='lat' dir='ltr'><strong>autem</strong></span> <span class='ocrx_word' id='word_1_614' title='bbox 2087 4137 2382 4193; x_wconf 66' lang='lat' dir='ltr'><strong>Dominicaa</strong></span> <span class='ocrx_word' id='word_1_615' title='bbox 2439 4138 2760 4195; x_wconf 85' lang='lat' dir='ltr'><strong>festivitatis</strong></span> <span class='ocrx_word' id='word_1_616' title='bbox 2809 4138 3198 4194; x_wconf 83' lang='lat' dir='ltr'><strong>abundantiori</strong></span> <span class='ocrx_word' id='word_1_617' title='bbox 3245 4138 3442 4207; x_wconf 75' lang='lat' dir='ltr'><strong>gaudio</strong></span> 
     </span>
    </p>
   </div>
   <div class='ocr_carea' id='block_1_87' title="bbox 1869 4228 3437 4301">
    <p class='ocr_par' dir='ltr' id='par_1_87' title="bbox 1869 4228 3437 4301">
     <span class='ocr_line' id='line_1_87' title="bbox 1869 4228 3437 4301; baseline -0.001 -19"><span class='ocrx_word' id='word_1_618' title='bbox 1869 4231 2013 4285; x_wconf 69' lang='lat' dir='ltr'><strong>vires</strong></span> <span class='ocrx_word' id='word_1_619' title='bbox 2078 4230 2478 4300; x_wconf 84' lang='lat' dir='ltr'><strong>resumpsistis.</strong></span> <span class='ocrx_word' id='word_1_620' title='bbox 2532 4231 2609 4285; x_wconf 80' lang='lat' dir='ltr'><strong>Ac</strong></span> <span class='ocrx_word' id='word_1_621' title='bbox 2642 4231 2806 4301; x_wconf 88' lang='lat' dir='ltr'><strong>plane</strong></span> <span class='ocrx_word' id='word_1_622' title='bbox 2846 4230 3066 4285; x_wconf 88' lang='lat' dir='ltr'><strong>merito.</strong></span> <span class='ocrx_word' id='word_1_623' title='bbox 3123 4228 3258 4284; x_wconf 82' lang='lat' dir='ltr'><strong>Nam</strong></span> <span class='ocrx_word' id='word_1_624' title='bbox 3315 4244 3437 4284; x_wconf 81' lang='lat' dir='ltr'><strong>Clllll</strong></span> 
     </span>
    </p>
   </div>
   <div class='ocr_carea' id='block_1_88' title="bbox 1869 4319 3439 4393">
    <p class='ocr_par' dir='ltr' id='par_1_88' title="bbox 1869 4319 3439 4393">
     <span class='ocr_line' id='line_1_88' title="bbox 1869 4319 3439 4393; baseline 0.001 -20"><span class='ocrx_word' id='word_1_625' title='bbox 1869 4321 2006 4390; x_wconf 85' lang='lat' dir='ltr'><strong>ipse,</strong></span> <span class='ocrx_word' id='word_1_626' title='bbox 2041 4319 2190 4377; x_wconf 89' lang='lat' dir='ltr'><strong>velut</strong></span> <span class='ocrx_word' id='word_1_627' title='bbox 2218 4323 2481 4377; x_wconf 90' lang='lat' dir='ltr'><strong>nimirum</strong></span> <span class='ocrx_word' id='word_1_628' title='bbox 2516 4321 2682 4386; x_wconf 90' lang='lat' dir='ltr'><strong>Deus,</strong></span> <span class='ocrx_word' id='word_1_629' title='bbox 2734 4322 2997 4377; x_wconf 78' lang='lat' dir='ltr'><strong>fetentem</strong></span> <span class='ocrx_word' id='word_1_630' title='bbox 3029 4322 3145 4393; x_wconf 85' lang='lat' dir='ltr'><strong>jam</strong></span> <span class='ocrx_word' id='word_1_631' title='bbox 3192 4329 3439 4391; x_wconf 84' lang='lat' dir='ltr'><strong>putrem-</strong></span> 
     </span>
    </p>
   </div>
   <div class='ocr_carea' id='block_1_89' title="bbox 1866 4411 3435 4488">
    <p class='ocr_par' dir='ltr' id='par_1_89' title="bbox 1866 4411 3435 4488">
     <span class='ocr_line' id='line_1_89' title="bbox 1866 4411 3435 4488; baseline -0.003 -22"><span class='ocrx_word' id='word_1_632' title='bbox 1866 4429 1973 4480; x_wconf 87' lang='lat' dir='ltr'><strong>que</strong></span> <span class='ocrx_word' id='word_1_633' title='bbox 2036 4414 2188 4468; x_wconf 92' lang='lat' dir='ltr'><strong>illum</strong></span> <span class='ocrx_word' id='word_1_634' title='bbox 2247 4429 2312 4469; x_wconf 78' lang='lat' dir='ltr'><strong>es</strong></span> <span class='ocrx_word' id='word_1_635' title='bbox 2369 4412 2574 4468; x_wconf 88' lang='lat' dir='ltr'><strong>inferni</strong></span> <span class='ocrx_word' id='word_1_636' title='bbox 2626 4413 3004 4482; x_wconf 78' lang='lat' dir='ltr'><strong>penetralibus</strong></span> <span class='ocrx_word' id='word_1_637' title='bbox 3048 4427 3150 4468; x_wconf 85' lang='lat' dir='ltr'><strong>ceu</strong></span> <span class='ocrx_word' id='word_1_638' title='bbox 3194 4411 3435 4488; x_wconf 69' lang='lat' dir='ltr'><strong>praedam</strong></span> 
     </span>
    </p>
   </div>
   <div class='ocr_carea' id='block_1_90' title="bbox 1865 4503 3438 4570">
    <p class='ocr_par' dir='ltr' id='par_1_90' title="bbox 1865 4503 3438 4570">
     <span class='ocr_line' id='line_1_90' title="bbox 1865 4503 3438 4570; baseline -0.001 -14"><span class='ocrx_word' id='word_1_639' title='bbox 1865 4506 2100 4559; x_wconf 83' lang='lat' dir='ltr'><strong>adventu</strong></span> <span class='ocrx_word' id='word_1_640' title='bbox 2135 4507 2502 4570; x_wconf 77' lang='lat' dir='ltr'><strong>revocaverit,</strong></span> <span class='ocrx_word' id='word_1_641' title='bbox 2553 4503 2696 4560; x_wconf 86' lang='lat' dir='ltr'><strong>forte</strong></span> <span class='ocrx_word' id='word_1_642' title='bbox 2722 4512 2778 4559; x_wconf 91' lang='lat' dir='ltr'><strong>et</strong></span> <span class='ocrx_word' id='word_1_643' title='bbox 2821 4503 2986 4557; x_wconf 92' lang='lat' dir='ltr'><strong>modo</strong></span> <span class='ocrx_word' id='word_1_644' title='bbox 3012 4503 3207 4559; x_wconf 81' lang='lat' dir='ltr'><strong>senilis</strong></span> <span class='ocrx_word' id='word_1_645' title='bbox 3247 4503 3302 4557; x_wconf 90' lang='lat' dir='ltr'><strong>in</strong></span> <span class='ocrx_word' id='word_1_646' title='bbox 3339 4515 3438 4555; x_wconf 79' lang='lat' dir='ltr'><strong>no-</strong></span> 
     </span>
    </p>
   </div>
   <div class='ocr_carea' id='block_1_91' title="bbox 177 4587 1765 4672">
    <p class='ocr_par' dir='ltr' id='par_1_91' title="bbox 177 4587 1758 4660">
     <span class='ocr_line' id='line_1_91' title="bbox 177 4587 1758 4660; baseline 0.003 -18"><span class='ocrx_word' id='word_1_647' title='bbox 177 4587 446 4642; x_wconf 73' lang='grc' dir='ltr'><strong>ἑστίασιν.</strong></span> <span class='ocrx_word' id='word_1_648' title='bbox 483 4590 789 4658; x_wconf 84' lang='grc' dir='ltr'><strong>Προσέσται</strong></span> <span class='ocrx_word' id='word_1_649' title='bbox 835 4590 944 4660; x_wconf 68' lang='grc' dir='ltr'><strong>γάρ</strong></span> <span class='ocrx_word' id='word_1_650' title='bbox 974 4591 1198 4654; x_wconf 81' lang='grc' dir='ltr'><strong>εἰκότως</strong></span> <span class='ocrx_word' id='word_1_651' title='bbox 1235 4590 1383 4660; x_wconf 72' lang='grc' dir='ltr'><strong>αὐτῷ</strong></span> <span class='ocrx_word' id='word_1_652' title='bbox 1418 4591 1666 4644; x_wconf 86' lang='grc' dir='ltr'><strong>νεανικόν</strong></span> <span class='ocrx_word' id='word_1_653' title='bbox 1709 4610 1758 4646; x_wconf 91' lang='grc' dir='ltr'><strong>τι</strong></span> 
     </span>
    </p>
   </div>
   <div class='ocr_carea' id='block_1_92' title="bbox 1851 4587 3438 4672">
    <p class='ocr_par' dir='ltr' id='par_1_92' title="bbox 1868 4595 3438 4656">
     <span class='ocr_line' id='line_1_92' title="bbox 1868 4595 3438 4656; baseline -0.003 -3"><span class='ocrx_word' id='word_1_654' title='bbox 1868 4599 1954 4653; x_wconf 88' lang='lat' dir='ltr'><strong>bis</strong></span> <span class='ocrx_word' id='word_1_655' title='bbox 1985 4600 2256 4654; x_wconf 87' lang='lat' dir='ltr'><strong>sermonis</strong></span> <span class='ocrx_word' id='word_1_656' title='bbox 2313 4600 2602 4656; x_wconf 66' lang='lat' dir='ltr'><strong>remissam</strong></span> <span class='ocrx_word' id='word_1_657' title='bbox 2637 4599 2745 4652; x_wconf 92' lang='lat' dir='ltr'><strong>vim</strong></span> <span class='ocrx_word' id='word_1_658' title='bbox 2781 4598 3077 4656; x_wconf 87' lang='lat' dir='ltr'><strong>roborans.</strong></span> <span class='ocrx_word' id='word_1_659' title='bbox 3144 4595 3438 4651; x_wconf 68' lang='lat' dir='ltr'><strong>luxurian-</strong></span> 
     </span>
    </p>
   </div>
   <div class='ocr_carea' id='block_1_93' title="bbox 179 4679 1762 4757">
    <p class='ocr_par' dir='ltr' id='par_1_93' title="bbox 179 4679 1762 4757">
     <span class='ocr_line' id='line_1_93' title="bbox 179 4679 1762 4757; baseline 0.003 -25"><span class='ocrx_word' id='word_1_660' title='bbox 179 4682 276 4738; x_wconf 71' lang='grc' dir='ltr'><strong>καὶ</strong></span> <span class='ocrx_word' id='word_1_661' title='bbox 330 4679 649 4749; x_wconf 64' lang='grc' dir='ltr'><strong>θαρσαλέον.</strong></span> <span class='ocrx_word' id='word_1_662' title='bbox 691 4682 1168 4753; x_wconf 70' lang='grc' dir='ltr'><strong>ἀνασκιρτήσαντα</strong></span> <span class='ocrx_word' id='word_1_663' title='bbox 1203 4684 1249 4716; x_wconf 78' lang='grc'><em>³³</em></span> <span class='ocrx_word' id='word_1_664' title='bbox 1291 4684 1401 4737; x_wconf 85' lang='grc' dir='ltr'><strong>τῶν</strong></span> <span class='ocrx_word' id='word_1_665' title='bbox 1438 4688 1762 4757; x_wconf 70' lang='grc' dir='ltr'><strong>φωνητικῶν</strong></span> 
     </span>
    </p>
   </div>
   <div class='ocr_carea' id='block_1_94' title="bbox 177 4772 1760 4847">
    <p class='ocr_par' dir='ltr' id='par_1_94' title="bbox 177 4772 1760 4847">
     <span class='ocr_line' id='line_1_94' title="bbox 177 4772 1760 4847; baseline 0.006 -23"><span class='ocrx_word' id='word_1_666' title='bbox 177 4772 430 4841; x_wconf 73' lang='grc' dir='ltr'><strong>ὀργάνων</strong></span> <span class='ocrx_word' id='word_1_667' title='bbox 460 4772 831 4844; x_wconf 76' lang='grc' dir='ltr'><strong>άποπηδῆσαι,</strong></span> <span class='ocrx_word' id='word_1_668' title='bbox 867 4776 999 4847; x_wconf 77' lang='grc' dir='ltr'><strong>πρὸς</strong></span> <span class='ocrx_word' id='word_1_669' title='bbox 1028 4776 1191 4830; x_wconf 77' lang='grc' dir='ltr'><strong>αὐτοῦ</strong></span> <span class='ocrx_word' id='word_1_670' title='bbox 1223 4777 1320 4830; x_wconf 90' lang='grc' dir='ltr'><strong>τοῦ</strong></span> <span class='ocrx_word' id='word_1_671' title='bbox 1353 4777 1486 4831; x_wconf 77' lang='grc' dir='ltr'><strong>Θεοῦ</strong></span> <span class='ocrx_word' id='word_1_672' title='bbox 1521 4781 1617 4832; x_wconf 76' lang='grc' dir='ltr'><strong>καὶ</strong></span> <span class='ocrx_word' id='word_1_673' title='bbox 1657 4782 1760 4833; x_wconf 91' lang='grc' dir='ltr'><strong>Λό-</strong></span> 
     </span>
    </p>
   </div>
   <div class='ocr_carea' id='block_1_95' title="bbox 177 4863 1765 4941">
    <p class='ocr_par' dir='ltr' id='par_1_95' title="bbox 177 4863 1765 4941">
     <span class='ocr_line' id='line_1_95' title="bbox 177 4863 1765 4941; baseline 0.008 -27"><span class='ocrx_word' id='word_1_674' title='bbox 177 4881 278 4931; x_wconf 82' lang='grc' dir='ltr'><strong>γου</strong></span> <span class='ocrx_word' id='word_1_675' title='bbox 329 4863 692 4936; x_wconf 76' lang='grc' dir='ltr'><strong>καλούμενον,</strong></span> <span class='ocrx_word' id='word_1_676' title='bbox 735 4866 811 4930; x_wconf 85' lang='grc' dir='ltr'><strong>ὼς</strong></span> <span class='ocrx_word' id='word_1_677' title='bbox 856 4868 921 4921; x_wconf 79' lang='grc' dir='ltr'><strong>ἐκ</strong></span> <span class='ocrx_word' id='word_1_678' title='bbox 959 4869 1130 4936; x_wconf 63' lang='grc' dir='ltr'><strong>τάφου</strong></span> <span class='ocrx_word' id='word_1_679' title='bbox 1181 4869 1273 4924; x_wconf 83' lang='grc' dir='ltr'><strong>τὸν</strong></span> <span class='ocrx_word' id='word_1_680' title='bbox 1313 4872 1595 4941; x_wconf 77' lang='grc' dir='ltr'><strong>Λάζαρον·</strong></span> <span class='ocrx_word' id='word_1_681' title='bbox 1641 4873 1708 4926; x_wconf 80' lang='grc' dir='ltr'><strong>ἵν’</strong></span> <span class='ocrx_word' id='word_1_682' title='bbox 1736 4876 1765 4926; x_wconf 88' lang='lat'><strong>6</strong></span> 
     </span>
    </p>
   </div>
   <div class='ocr_carea' id='block_1_96' title="bbox 178 4955 1761 5036">
    <p class='ocr_par' dir='ltr' id='par_1_96' title="bbox 178 4955 1761 5036">
     <span class='ocr_line' id='line_1_96' title="bbox 178 4955 1761 5036; baseline 0.005 -26"><span class='ocrx_word' id='word_1_683' title='bbox 178 4955 308 5026; x_wconf 73' lang='grc' dir='ltr'><strong>χθὲς</strong></span> <span class='ocrx_word' id='word_1_684' title='bbox 344 4958 491 5026; x_wconf 75' lang='grc' dir='ltr'><strong>ἡμᾶς</strong></span> <span class='ocrx_word' id='word_1_685' title='bbox 515 4957 719 5029; x_wconf 70' lang='grc' dir='ltr'><strong>θρέψας</strong></span> <span class='ocrx_word' id='word_1_686' title='bbox 761 4960 840 5031; x_wconf 85' lang='grc' dir='ltr'><strong>τῷ</strong></span> <span class='ocrx_word' id='word_1_687' title='bbox 889 4961 1011 5014; x_wconf 86' lang='grc' dir='ltr'><strong>κατ’</strong></span> <span class='ocrx_word' id='word_1_688' title='bbox 1033 4963 1243 5016; x_wconf 79' lang='grc' dir='ltr'><strong>ἐκεῖνον</strong></span> <span class='ocrx_word' id='word_1_689' title='bbox 1289 4962 1551 5032; x_wconf 83' lang='grc' dir='ltr'><strong>θαύματι,</strong></span> <span class='ocrx_word' id='word_1_690' title='bbox 1589 4963 1761 5036; x_wconf 74' lang='grc' dir='ltr'><strong>θρέψῃ</strong></span> 
     </span>
    </p>
   </div>
   <div class='ocr_carea' id='block_1_97' title="bbox 186 5049 1759 5126">
    <p class='ocr_par' dir='ltr' id='par_1_97' title="bbox 186 5049 1759 5126">
     <span class='ocr_line' id='line_1_97' title="bbox 186 5049 1759 5126; baseline 0.004 -23"><span class='ocrx_word' id='word_1_691' title='bbox 186 5049 279 5103; x_wconf 65' lang='grc' dir='ltr'><strong>ναὶ</strong></span> <span class='ocrx_word' id='word_1_692' title='bbox 324 5050 564 5121; x_wconf 75' lang='grc' dir='ltr'><strong>σήμερον</strong></span> <span class='ocrx_word' id='word_1_693' title='bbox 613 5053 642 5106; x_wconf 89' lang='lat'><strong>6</strong></span> <span class='ocrx_word' id='word_1_694' title='bbox 685 5052 848 5116; x_wconf 72' lang='grc' dir='ltr'><strong>αὐτὸς</strong></span> <span class='ocrx_word' id='word_1_695' title='bbox 931 5053 1228 5126; x_wconf 73' lang='grc' dir='ltr'><strong>άϐρότερον</strong></span> <span class='ocrx_word' id='word_1_696' title='bbox 1284 5057 1379 5110; x_wconf 69' lang='grc' dir='ltr'><strong>καὶ</strong></span> <span class='ocrx_word' id='word_1_697' title='bbox 1441 5055 1759 5126; x_wconf 68' lang='grc' dir='ltr'><strong>δαψιλέστε-</strong></span> 
     </span>
    </p>
   </div>
   <div class='ocr_carea' id='block_1_98' title="bbox 1871 4692 3438 4761">
    <p class='ocr_par' dir='ltr' id='par_1_98' title="bbox 1871 4692 3438 4761">
     <span class='ocr_line' id='line_1_98' title="bbox 1871 4692 3438 4761; baseline -0.002 -17"><span class='ocrx_word' id='word_1_698' title='bbox 1871 4699 1978 4744; x_wconf 79' lang='lat' dir='ltr'><strong>tem</strong></span> <span class='ocrx_word' id='word_1_699' title='bbox 2011 4699 2400 4761; x_wconf 69' lang='lat' dir='ltr'><strong>vegetumque,</strong></span> <span class='ocrx_word' id='word_1_700' title='bbox 2444 4703 2503 4746; x_wconf 87' lang='lat' dir='ltr'><strong>ut</strong></span> <span class='ocrx_word' id='word_1_701' title='bbox 2533 4695 2812 4748; x_wconf 79' lang='lat' dir='ltr'><strong>excitatus</strong></span> <span class='ocrx_word' id='word_1_702' title='bbox 2849 4692 3159 4761; x_wconf 87' lang='lat' dir='ltr'><strong>alacrisque</strong></span> <span class='ocrx_word' id='word_1_703' title='bbox 3187 4704 3285 4744; x_wconf 89' lang='lat' dir='ltr'><strong>ceu</strong></span> <span class='ocrx_word' id='word_1_704' title='bbox 3313 4703 3438 4742; x_wconf 83' lang='lat' dir='ltr'><strong>con-</strong></span> 
     </span>
    </p>
   </div>
   <div class='ocr_carea' id='block_1_99' title="bbox 1872 4781 3440 4854">
    <p class='ocr_par' dir='ltr' id='par_1_99' title="bbox 1872 4781 3440 4854">
     <span class='ocr_line' id='line_1_99' title="bbox 1872 4781 3440 4854; baseline -0.001 -20"><span class='ocrx_word' id='word_1_705' title='bbox 1872 4782 2018 4836; x_wconf 85' lang='lat' dir='ltr'><strong>vivio</strong></span> <span class='ocrx_word' id='word_1_706' title='bbox 2048 4784 2308 4854; x_wconf 76' lang='lat' dir='ltr'><strong>excipiat,</strong></span> <span class='ocrx_word' id='word_1_707' title='bbox 2367 4784 2577 4841; x_wconf 83' lang='lat' dir='ltr'><strong>fecerit.</strong></span> <span class='ocrx_word' id='word_1_708' title='bbox 2632 4785 2779 4839; x_wconf 87' lang='lat' dir='ltr'><strong>Sane</strong></span> <span class='ocrx_word' id='word_1_709' title='bbox 2835 4785 3025 4854; x_wconf 80' lang='lat' dir='ltr'><strong>utique</strong></span> <span class='ocrx_word' id='word_1_710' title='bbox 3069 4781 3313 4851; x_wconf 68' lang='lat' dir='ltr'><strong>iuvenile</strong></span> <span class='ocrx_word' id='word_1_711' title='bbox 3340 4781 3440 4835; x_wconf 78' lang='lat' dir='ltr'><strong>ati-</strong></span> 
     </span>
    </p>
   </div>
   <div class='ocr_carea' id='block_1_100' title="bbox 1871 4874 3441 4949">
    <p class='ocr_par' dir='ltr' id='par_1_100' title="bbox 1871 4874 3441 4949">
     <span class='ocr_line' id='line_1_100' title="bbox 1871 4874 3441 4949; baseline 0 -22"><span class='ocrx_word' id='word_1_712' title='bbox 1871 4876 2001 4944; x_wconf 84' lang='lat' dir='ltr'><strong>quid</strong></span> <span class='ocrx_word' id='word_1_713' title='bbox 2039 4877 2612 4949; x_wconf 84' lang='lat' dir='ltr'><strong>audaciusculumque</strong></span> <span class='ocrx_word' id='word_1_714' title='bbox 2661 4877 2935 4941; x_wconf 88' lang='lat' dir='ltr'><strong>habuerit,</strong></span> <span class='ocrx_word' id='word_1_715' title='bbox 2987 4885 3046 4930; x_wconf 90' lang='lat' dir='ltr'><strong>ut</strong></span> <span class='ocrx_word' id='word_1_716' title='bbox 3087 4875 3197 4930; x_wconf 90' lang='lat' dir='ltr'><strong>Deo</strong></span> <span class='ocrx_word' id='word_1_717' title='bbox 3230 4874 3350 4943; x_wconf 88' lang='lat' dir='ltr'><strong>ipso</strong></span> <span class='ocrx_word' id='word_1_718' title='bbox 3386 4881 3441 4927; x_wconf 90' lang='lat' dir='ltr'><strong>et</strong></span> 
     </span>
    </p>
   </div>
   <div class='ocr_carea' id='block_1_101' title="bbox 1875 4966 3440 5041">
    <p class='ocr_par' dir='ltr' id='par_1_101' title="bbox 1875 4966 3440 5041">
     <span class='ocr_line' id='line_1_101' title="bbox 1875 4966 3440 5041; baseline 0 -21"><span class='ocrx_word' id='word_1_719' title='bbox 1875 4966 2142 5024; x_wconf 88' lang='lat' dir='ltr'><strong>Scrm&#39;one</strong></span> <span class='ocrx_word' id='word_1_720' title='bbox 2197 4981 2453 5036; x_wconf 86' lang='lat' dir='ltr'><strong>vocante,</strong></span> <span class='ocrx_word' id='word_1_721' title='bbox 2527 4971 2802 5041; x_wconf 89' lang='lat' dir='ltr'><strong>quomodo</strong></span> <span class='ocrx_word' id='word_1_722' title='bbox 2873 4969 3087 5025; x_wconf 89' lang='lat' dir='ltr'><strong>vocavit</strong></span> <span class='ocrx_word' id='word_1_723' title='bbox 3139 4983 3172 5024; x_wconf 88' lang='lat' dir='ltr'><strong>e</strong></span> <span class='ocrx_word' id='word_1_724' title='bbox 3225 4966 3440 5022; x_wconf 84' lang='lat' dir='ltr'><strong>tumulo</strong></span> 
     </span>
    </p>
   </div>
   <div class='ocr_carea' id='block_1_102' title="bbox 1872 5058 3439 5134">
    <p class='ocr_par' dir='ltr' id='par_1_102' title="bbox 1872 5058 3439 5134">
     <span class='ocr_line' id='line_1_102' title="bbox 1872 5058 3439 5134; baseline 0.003 -22"><span class='ocrx_word' id='word_1_725' title='bbox 1872 5058 2164 5124; x_wconf 78' lang='lat' dir='ltr'><strong>Lazarum,</strong></span> <span class='ocrx_word' id='word_1_726' title='bbox 2219 5076 2250 5116; x_wconf 89' lang='lat' dir='ltr'><strong>a</strong></span> <span class='ocrx_word' id='word_1_727' title='bbox 2297 5063 2580 5119; x_wconf 75' lang='lat' dir='ltr'><strong>vocalibus</strong></span> <span class='ocrx_word' id='word_1_728' title='bbox 2616 5063 2839 5134; x_wconf 77' lang='lat' dir='ltr'><strong>organis</strong></span> <span class='ocrx_word' id='word_1_729' title='bbox 2885 5063 3038 5118; x_wconf 86' lang='lat' dir='ltr'><strong>velut</strong></span> <span class='ocrx_word' id='word_1_730' title='bbox 3083 5060 3289 5118; x_wconf 81' lang='lat' dir='ltr'><strong>saliens</strong></span> <span class='ocrx_word' id='word_1_731' title='bbox 3321 5074 3439 5132; x_wconf 82' lang='lat' dir='ltr'><strong>pro-</strong></span> 
     </span>
    </p>
   </div>
   <div class='ocr_carea' id='block_1_103' title="bbox 1484 5229 2157 5292">
    <p class='ocr_par' dir='ltr' id='par_1_103' title="bbox 1484 5229 2157 5292">
     <span class='ocr_line' id='line_1_103' title="bbox 1484 5229 2157 5292; baseline 0.009 -6"><span class='ocrx_word' id='word_1_732' title='bbox 1484 5229 1718 5286; x_wconf 67' lang='lat' dir='ltr'><strong>VARIE</strong></span> <span class='ocrx_word' id='word_1_733' title='bbox 1748 5231 2157 5292; x_wconf 76' lang='lat' dir='ltr'><strong>LECTIONES.</strong></span> 
     </span>
    </p>
   </div>
   <div class='ocr_carea' id='block_1_104' title="bbox 295 5315 1050 5392">
    <p class='ocr_par' dir='ltr' id='par_1_104' title="bbox 295 5315 1050 5392">
     <span class='ocr_line' id='line_1_104' title="bbox 295 5315 1050 5392; baseline 0 -20"><span class='ocrx_word' id='word_1_734' title='bbox 295 5317 341 5351; x_wconf 80' lang='grc'><strong>⁸⁸</strong></span> <span class='ocrx_word' id='word_1_735' title='bbox 372 5315 535 5374; x_wconf 81' lang='lat' dir='ltr'><strong>Forte</strong></span> <span class='ocrx_word' id='word_1_736' title='bbox 557 5317 1050 5392; x_wconf 79' lang='grc' dir='ltr'><strong>άνασκιρτήσαντι.</strong></span> 
     </span>
    </p>
   </div>
   <div class='ocr_carea' id='block_1_105' title="bbox 1504 5433 2155 5495">
    <p class='ocr_par' dir='ltr' id='par_1_105' title="bbox 1504 5433 2155 5495">
     <span class='ocr_line' id='line_1_105' title="bbox 1504 5433 2155 5495; baseline -0.006 -3"><span class='ocrx_word' id='word_1_737' title='bbox 1504 5435 1894 5495; x_wconf 73' lang='lat' dir='ltr'><strong>COMBEFISII</strong></span> <span class='ocrx_word' id='word_1_738' title='bbox 1922 5433 2155 5492; x_wconf 63' lang='lat' dir='ltr'><strong>NUTJE.</strong></span> 
     </span>
    </p>
   </div>
   <div class='ocr_carea' id='block_1_106' title="bbox 255 5523 3439 5602">
    <p class='ocr_par' dir='ltr' id='par_1_106' title="bbox 255 5523 3439 5602">
     <span class='ocr_line' id='line_1_106' title="bbox 255 5523 3439 5602; baseline 0 -23"><span class='ocrx_word' id='word_1_739' title='bbox 255 5523 371 5602; x_wconf 86' lang='lat' dir='ltr'><strong>(l9)</strong></span> <span class='ocrx_word' id='word_1_740' title='bbox 404 5523 650 5602; x_wconf 77' lang='lat' dir='ltr'><strong>Celebris</strong></span> <span class='ocrx_word' id='word_1_741' title='bbox 669 5525 974 5602; x_wconf 75' lang='lat' dir='ltr'><strong>admodum</strong></span> <span class='ocrx_word' id='word_1_742' title='bbox 1000 5526 1121 5602; x_wconf 86' lang='lat' dir='ltr'><strong>dies</strong></span> <span class='ocrx_word' id='word_1_743' title='bbox 1150 5538 1234 5602; x_wconf 83' lang='lat' dir='ltr'><strong>est</strong></span> <span class='ocrx_word' id='word_1_744' title='bbox 1265 5530 1405 5586; x_wconf 90' lang='lat' dir='ltr'><strong>inter</strong></span> <span class='ocrx_word' id='word_1_745' title='bbox 1438 5531 1777 5596; x_wconf 80' lang='grc' dir='ltr'><strong>Δισποτικὰς</strong></span> <span class='ocrx_word' id='word_1_746' title='bbox 1882 5531 2091 5602; x_wconf 86' lang='lat' dir='ltr'><strong>Stylus,</strong></span> <span class='ocrx_word' id='word_1_747' title='bbox 2124 5534 2182 5582; x_wconf 89' lang='lat' dir='ltr'><strong>ut</strong></span> <span class='ocrx_word' id='word_1_748' title='bbox 2213 5527 2265 5580; x_wconf 89' lang='lat' dir='ltr'><strong>iu</strong></span> <span class='ocrx_word' id='word_1_749' title='bbox 2303 5526 2633 5602; x_wconf 69' lang='lat' dir='ltr'><strong>prmcedenti</strong></span> <span class='ocrx_word' id='word_1_750' title='bbox 2659 5525 2724 5580; x_wconf 91' lang='lat' dir='ltr'><strong>de</strong></span> <span class='ocrx_word' id='word_1_751' title='bbox 2757 5525 2968 5602; x_wconf 58' lang='lat' dir='ltr'><strong>Lazaro</strong></span> <span class='ocrx_word' id='word_1_752' title='bbox 2991 5535 3075 5582; x_wconf 87' lang='lat' dir='ltr'><strong>est</strong></span> <span class='ocrx_word' id='word_1_753' title='bbox 3097 5525 3439 5602; x_wconf 74' lang='lat' dir='ltr'><strong>familiarior-</strong></span> 
     </span>
    </p>
   </div>
   <div class='ocr_carea' id='block_1_107' title="bbox 186 5595 3440 5670">
    <p class='ocr_par' dir='ltr' id='par_1_107' title="bbox 186 5595 3440 5670">
     <span class='ocr_line' id='line_1_107' title="bbox 186 5595 3440 5670; baseline 0.001 -20"><span class='ocrx_word' id='word_1_754' title='bbox 186 5595 714 5670; x_wconf 44' lang='lat' dir='ltr'><strong>bptﬁﬁupltll’imls</strong></span> <span class='ocrx_word' id='word_1_755' title='bbox 756 5597 978 5652; x_wconf 88' lang='lat' dir='ltr'><strong>Patrum</strong></span> <span class='ocrx_word' id='word_1_756' title='bbox 1031 5601 1309 5654; x_wconf 87' lang='lat' dir='ltr'><strong>celebrata</strong></span> <span class='ocrx_word' id='word_1_757' title='bbox 1363 5595 1773 5657; x_wconf 83' lang='lat' dir='ltr'><strong>encomiasticis</strong></span> <span class='ocrx_word' id='word_1_758' title='bbox 1878 5595 2505 5670; x_wconf 32' lang='lat' dir='ltr'><strong>[ndicatauctor’statim</strong></span> <span class='ocrx_word' id='word_1_759' title='bbox 2539 5600 2591 5650; x_wconf 82' lang='lat' dir='ltr'><strong>in</strong></span> <span class='ocrx_word' id='word_1_760' title='bbox 2623 5597 2875 5660; x_wconf 73' lang='lat' dir='ltr'><strong>exordio,</strong></span> <span class='ocrx_word' id='word_1_761' title='bbox 2909 5612 3027 5652; x_wconf 88' lang='lat' dir='ltr'><strong>eam</strong></span> <span class='ocrx_word' id='word_1_762' title='bbox 3064 5613 3123 5652; x_wconf 89' lang='lat' dir='ltr'><strong>se</strong></span> <span class='ocrx_word' id='word_1_763' title='bbox 3155 5595 3440 5670; x_wconf 67' lang='lat' dir='ltr'><strong>habuisse.</strong></span> 
     </span>
    </p>
   </div>
   <div class='ocr_carea' id='block_1_108' title="bbox 185 5665 1770 5742">
    <p class='ocr_par' dir='ltr' id='par_1_108' title="bbox 185 5665 1770 5742">
     <span class='ocr_line' id='line_1_108' title="bbox 185 5665 1770 5742; baseline 0.003 -22"><span class='ocrx_word' id='word_1_764' title='bbox 185 5665 538 5742; x_wconf 77' lang='lat' dir='ltr'><strong>orationibus</strong></span> <span class='ocrx_word' id='word_1_765' title='bbox 571 5682 587 5732; x_wconf 89' lang='lat'><strong>;</strong></span> <span class='ocrx_word' id='word_1_766' title='bbox 631 5669 718 5742; x_wconf 60' lang='lat' dir='ltr'><strong>vi;</strong></span> <span class='ocrx_word' id='word_1_767' title='bbox 747 5679 929 5742; x_wconf 79' lang='lat' dir='ltr'><strong>tamen</strong></span> <span class='ocrx_word' id='word_1_768' title='bbox 963 5671 1070 5742; x_wconf 73' lang='lat' dir='ltr'><strong>alia</strong></span> <span class='ocrx_word' id='word_1_769' title='bbox 1103 5671 1470 5742; x_wconf 61' lang='lat' dir='ltr'><strong>loculo-mimi,</strong></span> <span class='ocrx_word' id='word_1_770' title='bbox 1504 5688 1671 5742; x_wconf 89' lang='lat' dir='ltr'><strong>quam</strong></span> <span class='ocrx_word' id='word_1_771' title='bbox 1698 5676 1770 5726; x_wconf 85' lang='lat' dir='ltr'><strong>sit</strong></span> 
     </span>
    </p>
   </div>
   <div class='ocr_carea' id='block_1_109' title="bbox 189 5736 1768 5811">
    <p class='ocr_par' dir='ltr' id='par_1_109' title="bbox 189 5736 1768 5811">
     <span class='ocr_line' id='line_1_109' title="bbox 189 5736 1768 5811; baseline 0.005 -24"><span class='ocrx_word' id='word_1_772' title='bbox 189 5736 291 5811; x_wconf 81' lang='lat' dir='ltr'><strong>ista</strong></span> <span class='ocrx_word' id='word_1_773' title='bbox 348 5736 598 5811; x_wconf 67' lang='lat' dir='ltr'><strong>Andreas.</strong></span> <span class='ocrx_word' id='word_1_774' title='bbox 671 5736 872 5794; x_wconf 85' lang='lat' dir='ltr'><strong>llahuit</strong></span> <span class='ocrx_word' id='word_1_775' title='bbox 928 5740 1072 5811; x_wconf 86' lang='lat' dir='ltr'><strong>alius</strong></span> <span class='ocrx_word' id='word_1_776' title='bbox 1135 5738 1343 5811; x_wconf 76' lang='lat' dir='ltr'><strong>Regius</strong></span> <span class='ocrx_word' id='word_1_777' title='bbox 1399 5736 1592 5801; x_wconf 74' lang='lat' dir='ltr'><strong>codex.</strong></span> <span class='ocrx_word' id='word_1_778' title='bbox 1629 5742 1768 5795; x_wconf 86' lang='lat' dir='ltr'><strong>forte</strong></span> 
     </span>
    </p>
   </div>
   <div class='ocr_carea' id='block_1_110' title="bbox 181 5807 1762 5877">
    <p class='ocr_par' dir='ltr' id='par_1_110' title="bbox 181 5807 1762 5877">
     <span class='ocr_line' id='line_1_110' title="bbox 181 5807 1762 5877; baseline 0.006 -18"><span class='ocrx_word' id='word_1_779' title='bbox 181 5807 348 5860; x_wconf 84' lang='lat' dir='ltr'><strong>ctiam</strong></span> <span class='ocrx_word' id='word_1_780' title='bbox 375 5807 569 5863; x_wconf 80' lang='lat' dir='ltr'><strong>melior</strong></span> <span class='ocrx_word' id='word_1_781' title='bbox 632 5824 698 5864; x_wconf 77' lang='lat' dir='ltr'><strong>eo</strong></span> <span class='ocrx_word' id='word_1_782' title='bbox 755 5825 862 5877; x_wconf 79' lang='lat' dir='ltr'><strong>quo</strong></span> <span class='ocrx_word' id='word_1_783' title='bbox 907 5810 1138 5875; x_wconf 83' lang='lat' dir='ltr'><strong>utimur,</strong></span> <span class='ocrx_word' id='word_1_784' title='bbox 1208 5807 1302 5867; x_wconf 69' lang='lat' dir='ltr'><strong>sed</strong></span> <span class='ocrx_word' id='word_1_785' title='bbox 1354 5819 1471 5868; x_wconf 89' lang='lat' dir='ltr'><strong>crat</strong></span> <span class='ocrx_word' id='word_1_786' title='bbox 1516 5814 1762 5868; x_wconf 86' lang='lat' dir='ltr'><strong>mutilus.</strong></span> 
     </span>
    </p>
   </div>
   <div class='ocr_carea' id='block_1_111' title="bbox 1874 5668 3444 5740">
    <p class='ocr_par' dir='ltr' id='par_1_111' title="bbox 1874 5668 3444 5740">
     <span class='ocr_line' id='line_1_111' title="bbox 1874 5668 3444 5740; baseline -0.003 -14"><span class='ocrx_word' id='word_1_787' title='bbox 1874 5688 1999 5726; x_wconf 92' lang='lat' dir='ltr'><strong>cum</strong></span> <span class='ocrx_word' id='word_1_788' title='bbox 2022 5671 2134 5740; x_wconf 83' lang='lat' dir='ltr'><strong>jam</strong></span> <span class='ocrx_word' id='word_1_789' title='bbox 2165 5677 2311 5740; x_wconf 81' lang='lat' dir='ltr'><strong>esset</strong></span> <span class='ocrx_word' id='word_1_790' title='bbox 2339 5669 2527 5740; x_wconf 87' lang='lat' dir='ltr'><strong>senior</strong></span> <span class='ocrx_word' id='word_1_791' title='bbox 2547 5683 2584 5740; x_wconf 88' lang='lat'><strong>;_</strong></span> <span class='ocrx_word' id='word_1_792' title='bbox 2616 5683 2723 5736; x_wconf 91' lang='lat' dir='ltr'><strong>quo</strong></span> <span class='ocrx_word' id='word_1_793' title='bbox 2768 5669 3292 5740; x_wconf 78' lang='lat' dir='ltr'><strong>temporenonnihil</strong></span> <span class='ocrx_word' id='word_1_794' title='bbox 3317 5668 3444 5740; x_wconf 76' lang='lat' dir='ltr'><strong>llos-</strong></span> 
     </span>
    </p>
   </div>
   <div class='ocr_carea' id='block_1_112' title="bbox 1872 5736 3441 5815">
    <p class='ocr_par' dir='ltr' id='par_1_112' title="bbox 1872 5736 3441 5815">
     <span class='ocr_line' id='line_1_112' title="bbox 1872 5736 3441 5815; baseline -0.002 -19"><span class='ocrx_word' id='word_1_795' title='bbox 1872 5736 2366 5815; x_wconf 55' lang='lat' dir='ltr'><strong>culis&#39;rhetoricis,</strong></span> <span class='ocrx_word' id='word_1_796' title='bbox 2400 5736 2699 5815; x_wconf 73' lang='lat' dir='ltr'><strong>phrasique</strong></span> <span class='ocrx_word' id='word_1_797' title='bbox 2747 5738 3058 5808; x_wconf 87' lang='lat' dir='ltr'><strong>comptiori.</strong></span> <span class='ocrx_word' id='word_1_798' title='bbox 3085 5753 3152 5796; x_wconf 86' lang='lat' dir='ltr'><strong>ac</strong></span> <span class='ocrx_word' id='word_1_799' title='bbox 3190 5739 3441 5796; x_wconf 64' lang='lat' dir='ltr'><strong>suhtiEiO&#39;</strong></span> 
     </span>
    </p>
   </div>
   <div class='ocr_carea' id='block_1_113' title="bbox 1868 5808 2666 5868">
    <p class='ocr_par' dir='ltr' id='par_1_113' title="bbox 1868 5808 2666 5868">
     <span class='ocr_line' id='line_1_113' title="bbox 1868 5808 2666 5868; baseline -0.006 -3"><span class='ocrx_word' id='word_1_800' title='bbox 1868 5813 2018 5868; x_wconf 88' lang='lat' dir='ltr'><strong>ribus</strong></span> <span class='ocrx_word' id='word_1_801' title='bbox 2044 5809 2408 5866; x_wconf 85' lang='lat' dir='ltr'><strong>allusiouibus</strong></span> <span class='ocrx_word' id='word_1_802' title='bbox 2435 5808 2666 5864; x_wconf 74' lang='lat' dir='ltr'><strong>decedit.</strong></span> 
     </span>
    </p>
   </div>
  </div>
