4236 6440
762 404 894 468 ista
1908 411 1963 468 s.
2007 407 2330 469 unum:
2369 385 2780 465 css'rsxszs

3868 409 4017 474 1020

755 534 878 570 cum
928 518 1204 570 Cruciiixo
1232 517 1285 570 in
1337 519 1568 573 sublime
1602 521 1869 581 tollimur,
1909 529 1965 572 ut
2020 530 2162 573 terra
2209 532 2332 571 cum

2441 516 2596 585 ήχθη,
2635 518 2879 588 Σταυροῦ
2915 520 3215 588 πανήγυριν
3251 521 3475 589 ἄγομεν,
3508 522 3600 574 καὶ
3643 523 3718 591 τῷ
3753 525 4016 595 Σταυρω-

757 620 978 676 ρρρειιιο
1028 608 1172 662 iul'ra
1213 610 1420 672 relicta,
1469 626 1704 679 superna
1749 625 2148 678 comparemus.
2179 611 2325 664 Crux

750 697 1002 767 erigitur,
1035 707 1087 752 et
1121 714 1307 754 secum
1341 700 1500 767 erigit
1546 701 1696 755 humi
1730 701 1998 769 ahjeetam
2046 701 2326 754 hominum

754 798 1033 842 naturam.
1087 791 1232 844 Crux
1287 793 1537 859 erigitur,
1594 803 1648 847 et
1700 793 2005 846 dzemonum
2070 793 2328 846 ferociam

754 890 948 935 terret.
977 879 1123 935 Crux
1155 883 1444 948 exaltatur,
1470 896 1520 938 et
1550 884 1734 938 fracta-
1759 885 2084 939 adversaria:
2115 885 2330 939 Satanae

756 974 905 1026 vires
951 974 1215 1027 decidunt
1264 985 1317 1028 ct
1371 987 1723 1029 cnervautur.
1768 976 1911 1029 Crux
1960 977 2248 1042 exaltatur,
2279 986 2332 1030 et

758 1062 1002 1115 Ecclesia
1058 1074 1368 1119 conventus
1418 1065 1678 1118 celebrat.
1733 1066 1878 1119 Crux
1931 1066 2227 1127 exaltatur.
2279 1075 2332 1120 et

720 1155 1004 1208 -eivitates
1042 1154 1237 1209 festum
1284 1156 1426 1209 diem
1479 1166 1768 1224 peragunt,
1805 1157 2102 1225 populique
2147 1157 2330 1211 laetitia

759 1246 1018 1311 gestiunt.
1055 1247 1243 1299 Crucis
1276 1247 1546 1312 siquidem
1585 1247 1918 1306 meminisse,
1949 1247 2180 1317 insignis
2200 1262 2332 1318 gau-

760 1335 834 1384 dii
868 1335 1119 1398 materia,
1153 1337 1516 1405 mmrorisque
1548 1337 1857 1390 imminutio
1891 1345 1993 1391 est.

834 1608 936 1661 Sel
969 1613 1235 1674 quantum
1277 1615 1361 1660 est
1388 1607 1570 1660 crucis
1615 1606 1840 1677 ﬁguram
1874 1610 2157 1678 aspicere?
2194 1609 2331 1664 Nam

760 1714 878 1752 eam
911 1701 1234 1757 intuentem,
1257 1697 1446 1750 fortem
1468 1698 1628 1750 etiicit
1673 1707 1833 1767 atque
1855 1702 2096 1753 atiinorc
2119 1700 2330 1754 liberat.

760 1787 911 1840 Talis
959 1797 1042 1841 est
1101 1797 1361 1855 tantaque
1382 1789 1564 1839 crucis
1615 1789 1937 1855 possessio:
1982 1795 2036 1840 et
2071 1789 2160 1856 qui
2193 1789 2332 1841 hanc

2440 606 2581 658 θέντι
2644 608 3101 678 συνεπαιρόμεοα.
3138 613 3236 676 τὴν
3258 611 3360 677 γῆν
3419 614 3651 679 ἀφέντες
3684 615 3834 666 κάτω
3867 616 4017 682 μετὰ

2436 695 2536 760 τῆς
2591 697 2902 766 ἁμαρτίας,
2970 700 3056 752 ἵνα
3097 699 3164 753 τὰ
3196 703 3308 754 ἄνω
3365 701 3712 772 κτησώμεθα.
3767 705 4018 775 Σταυρὸς

2439 785 2688 855 ὑψοῦται,
2722 790 2815 840 καὶ
2839 789 3061 857 συνυψοῖ
3113 794 3284 860 χαμαὶ
3325 795 3588 862 κειμένην
3645 795 3743 864 τὴν
3799 796 4017 865 ἀνθρω-

2440 877 2669 946 πότητα,
2723 881 2818 932 καὶ
2861 881 2928 933 τὰ
2981 882 3250 952 δαιμόνων
3315 885 3690 952 καταπλήσσει
3737 888 3802 939 τὰ
3836 889 4019 956 φρυάο

2439 984 2643 1037 γματα.
2663 970 2902 1039 Σταυρδς
2935 972 3184 1037 ὑψοῦται,
3215 976 3308 1027 καὶ
3336 975 3430 1027 τοῦ
3451 976 3624 1028 Σατᾶν
3658 979 3690 1044 ἡ
3722 978 4020 1042 ἀντίπαλος

2439 1060 2859 1114 καταπίπτοντα
2893 1063 3121 1132 δύναμις
3172 1066 3459 1137 ὑποχωρεί
3511 1070 3605 1120 καὶ
3637 1069 4014 1122 συστέλλεται.

2438 1147 2677 1217 Σταυρδς
2707 1150 2961 1218 ὑψοῦται,
2985 1153 3079 1204 καὶ
3123 1155 3406 1222 συντρέχει
3456 1156 3554 1222 τῆς
3592 1154 3919 1224 Ἐκκλησίας
3956 1161 4020 1210 τὸ

2440 1234 2732 1306 πλήρωμα.
2777 1238 3018 1305 Σταυρδς
3073 1239 3326 1306 ὑψοῦται,
3355 1242 3448 1292 καὶ
3483 1241 3666 1301 πόλεις
3706 1243 4018 1310 πανηγυρι-

2441 1325 2613 1388 ζουσι,
2650 1326 2746 1377 καὶ
2799 1325 2916 1378 λαοὶ
2947 1313 3272 1395 χαρμόσυνα
3303 1329 3614 1382 σπένδουσι.
3646 1330 3753 1380 Καὶ
3783 1331 3843 1381 τὸ
3879 1347 4020 1398 μνη-

2443 1416 2635 1484 σθῆναι
2669 1417 2777 1487 γάρ
2802 1418 3058 1488 σταυροῦ,
3093 1420 3270 1487 χαρᾶς
3301 1419 3563 1482 ὑπόθεσις
3594 1419 3885 1488 πρόδηλος,
3917 1419 4020 1472 καὶ

2443 1508 2672 1576 συστολὴ
2698 1510 3177 1578 σκυθρωπότητος.

2512 1597 2585 1648 Τὸ
2604 1597 2657 1649 δὲ
2673 1598 2767 1649 καὶ
2788 1597 2956 1650 τύπον
2976 1597 3207 1666 ὁρᾶσθαι
3233 1596 3473 1667 σταυροῦ
3505 1599 3688 1666 ἡλίκον
3708 1615 3722 1661 ;
3741 1599 4023 1666 Ἀνδρείας

2441 1686 2550 1756 γὰρ
2597 1688 2858 1756 πρόξενον
2915 1688 3009 1741 καὶ
3077 1689 3280 1751 δειλίας
3333 1687 3620 1757 ἀπαλλαγὴ
3643 1688 3720 1757 τῷ
3757 1687 4025 1757 προσὸλέ-

2443 1794 2598 1831 ποντι
2653 1779 2884 1845 γίνεται.
2943 1778 3199 1832 Τοιοῦτόν
3243 1795 3298 1830 τι
3336 1779 3480 1847 μέγα
3529 1779 3624 1830 τοῦ
3690 1777 3933 1847 σταυροῦ
3964 1781 4024 1831 τὸ

764 1876 1008 1943 possidet
1032 1916 1045 1934 .
1080 1876 1326 1944 possidet
1359 1876 1699 1928 thesaurum.
1735 1875 1807 1929 De
1836 1877 1953 1930 auri
1989 1893 2072 1931 me
2108 1876 2334 1930 forsitan

2441 1866 2626 1936 κτῆμα
2645 1866 2972 1936 καθέστηκε·
2997 1870 3090 1921 καὶ
3107 1867 3338 1921 ὁτοῦτον
3356 1869 3722 1938 κτησάμενος,
3750 1870 3883 1936 ὲκτή
3893 1885 4025 1922 σατο

760 1971 964 2035 putatis
985 1967 1130 2034 luqui
1156 1967 1432 2028 thesauro,
1451 1973 1543 2018 aut
1564 1965 2004 2034 margaritarum,
2020 1981 2082 2020 ac
2100 1966 2338 2036 lapidum

764 2059 1143 2128 pretiosorum
1179 2056 1514 2120 lndicornm,
1559 2058 1758 2126 quibus
1795 2058 2039 2126 corporis
2091 2060 2175 2112 sui
2220 2069 2336 2113 stu-

759 2149 992 2213 diosi,et
1025 2149 1160 2202 nihil
1199 2149 1400 2203 excelsi
1427 2151 1747 2219 cogitantes.
1767 2164 1886 2204 sese
1911 2150 2205 2204 oblectant.
2230 2152 2340 2222 Ego

770 2256 903 2294 vero
921 2240 972 2293 id
994 2241 1139 2310 quod
1171 2242 1413 2294 omnium
1441 2242 1707 2294 bonorum
1731 2243 2157 2310 pulcherrimum
2183 2253 2264 2297 est
2283 2258 2340 2298 re

764 2347 827 2385 ac
861 2332 1102 2396 nomine,
1129 2332 1444 2386 thesaurum
1465 2333 1590 2399 jure
1609 2333 1992 2399 appellaverim
2015 2333 2098 2394 :in
2131 2349 2260 2402 quo,
2288 2342 2341 2389 et

762 2433 861 2486 per
886 2433 1128 2486 quem,ei
1158 2421 1211 2474 in
1233 2436 1392 2487 quem
1411 2421 1604 2475 salutis
1627 2433 1826 2475 nostra:
1849 2437 2058 2477 summa
2081 2426 2338 2493 reposita,

765 2497 818 2564 ἐι
847 2511 1084 2579 pristino
1145 2513 1310 2566 statui
1349 2515 1597 2566 restituta
1630 2523 1738 2568 est.
1777 2513 1833 2567 Si
1858 2515 2004 2568 enim
2065 2531 2196 2570 crux
2232 2532 2340 2570 non

765 2602 927 2667 foret,
977 2601 1232 2660 Christus
1271 2606 1568 2658 crurilixus
1604 2620 1711 2658 non
1753 2614 1922 2661 esset.
1971 2605 2026 2661 Si
2057 2621 2190 2662 crux
2235 2623 2340 2662 non

760 2700 931 2753 esset,
973 2693 1081 2745 vita
1121 2692 1269 2762 ligno
1327 2694 1499 2748 claris
1554 2696 1744 2747 sullixa
1798 2710 1907 2748 nnn
1957 2702 2122 2750 esset.
2166 2697 2225 2751 Si
2277 2711 2340 2750 ea

762 2784 940 2835 clavis
972 2782 1160 2836 sullixu
1191 2797 1298 2837 non
1327 2792 1494 2847 esset,
1550 2801 1614 2838 cx
1652 2786 1821 2839 latere
1851 2785 2029 2840 fontes
2061 2788 2343 2842 immorta-

767 2873 961 2933 litatis.
987 2875 1310 2944 sanguinem
1337 2887 1391 2930 et
1422 2891 1638 2945 aquam,
1668 2893 1787 2946 quae
1809 2879 2068 2931 mundum
2095 2881 2340 2949 expiant,

767 2980 877 3019 non
930 2965 1203 3020 fudissent
1248 2985 1261 3021 :
1315 2970 1523 3036 peccati
1568 2969 1996 3039 chirographum
2033 2971 2340 3041 disruptum

767 3076 875 3116 non
910 3060 1073 3125 foret,
1111 3062 1164 3114 in
1204 3062 1511 3118 libertatem
1553 3066 1752 3119 asserti
1805 3079 1910 3120 non
1963 3080 2227 3130 essemus,
2276 3068 2344 3122 li-

768 3168 877 3224 gno
934 3154 1058 3208 vitae
1099 3169 1206 3208 non
1249 3155 1577 3220 l'rueremur,
1609 3158 1897 3226 paradisus
1947 3175 2056 3213 non
2107 3168 2340 3230 pateret,

770 3247 1045 3302 versatilis
1072 3248 1343 3317 romphaea
1368 3262 1398 3301 e
1428 3247 1513 3301 via
1552 3246 1718 3303 Edem
1747 3265 1856 3304 non
1885 3253 2227 3322 recessisset,
2260 3253 2343 3308 la-

769 3348 858 3393 tro
883 3340 1203 3411 paradisum
1244 3354 1354 3395 non
1386 3339 1668 3396 incoleret.

829 3609 906 3663 ‘Et
940 3608 1070 3678 quid
1104 3608 1190 3663 his
1226 3609 1527 3663 immoror?
1567 3607 1624 3662 Si
1665 3623 1802 3662 crux
1840 3623 1948 3662 non
1985 3617 2152 3673 esset,
2187 3608 2347 3664 Chri-

763 3703 970 3758 stusin
1013 3710 1156 3755 terra
1199 3717 1306 3758 non
1366 3701 1590 3764 fuisset;
1635 3711 1688 3755 et
1719 3701 1762 3755 si
1798 3700 2051 3755 Christus
2091 3701 2145 3754 in
2186 3701 2346 3755 terris

769 3808 884 3848 non
922 3793 1136 3856 fuisset,
1167 3807 1272 3847 non
1303 3789 1490 3862 Virgo,
1530 3805 1642 3846 non
1674 3791 1912 3846 secunda
1941 3790 2148 3845 Christi
2185 3806 2351 3860 gene-

775 3883 916 3938 ratio
947 3882 1174 3946 l‘uisset;
1202 3895 1308 3934 non
1329 3881 1725 3935 humanitatem
1753 3879 2017 3934 induisset
2039 3879 2183 3934 Deus
2204 3897 2218 3947 ;
2239 3895 2349 3934 non

764 3973 972 4031 luisset
1011 3984 1219 4043 partus,
1258 3990 1363 4028 non
1404 3988 1665 4045 prmsepe,
1714 3988 1824 4028 non
1865 3972 2069 4038 fascias,
2116 3989 2225 4029 non
2262 3989 2352 4029 nc-

774 4077 898 4121 tavo
932 4068 1019 4122 die
1045 4068 1415 4130 circumcisio,
1463 4083 1569 4121 non
1605 4067 1841 4121 exhibita
1880 4066 2200 4135 parentibus
2225 4065 2352 4121 obe-

768 4161 1002 4223 dientia,
1051 4174 1160 4213 non
1215 4161 1390 4212 aetatis
1437 4173 1786 4228 progressus,
1828 4172 1935 4212 non
1983 4158 2232 4226 corporis
2269 4157 2352 4210 iii-

770 4260 1161 4316 crcmentum,
1214 4266 1321 4304 non
1378 4251 1672 4320 apparitio,
1721 4264 1832 4304 non
1889 4249 2144 4318 baptismi
2196 4265 2350 4315 usus,

767 4363 884 4402 non
919 4354 1131 4415 patrata
1160 4344 1447 4409 miracula,
1480 4357 1588 4397 non
1616 4341 1789 4397 Judas
1838 4342 2107 4411 proditor,
2138 4357 2244 4396 non
2275 4339 2356 4395 Pi-

721 4454 730 4462 ’
771 4436 920 4490 latus
951 4435 1232 4502 judicans,
1282 4448 1393 4486 non
1425 4430 1739 4487 Judseorutn
1777 4432 2004 4486 audacia
2046 4432 2100 4486 in
2136 4447 2354 4488 crucem

2441 1959 2736 2027 θησαυρόν.
2797 1958 3014 2028 Χρυσοῦ
3051 1975 3118 2027 με
3159 1959 3307 2028 τάχα
3364 1958 3546 2011 οἴεσθε
3603 1959 3798 2011 τοῦτον
3841 1960 4026 2026 λέγειν

2439 2046 2533 2100 τὸν
2593 2047 2956 2118 θησαυρὸν,ἢ
2996 2047 3339 2117 μαργαρίτου
3403 2048 3498 2100 καὶ
3557 2046 3724 2099 λίθων
3781 2047 4026 2100 Ἰνδικῶν

2443 2138 2779 2210 βαρυτίμων,
2819 2133 2902 2203 οἷς
2927 2141 2976 2192 οἱ
3003 2139 3376 2210 φιλοσώματοι
3426 2139 3700 2210 χαίρουσι,
3761 2139 3892 2209 περὶ
3955 2141 4027 2193 τά

2446 2231 2671 2303 μηδενὸς
2713 2231 2841 2295 ἄξια
2873 2232 3425 2302 σμικρολογούμενοι.
3490 2231 3633 2299 Ἐγὼ
3679 2232 3735 2284 δὲ
3800 2232 4026 2284 πάντων

2442 2321 2626 2374 καλῶν
2653 2321 2947 2375 κάλλιστόν
2964 2339 3023 2374 τε
3055 2322 3150 2374 καὶ
3180 2322 3640 2375 πολυτελέστατον
3668 2324 3763 2376 καὶ
3788 2325 4026 2391 πρᾶγμα

2443 2413 2536 2467 καὶ
2562 2413 2750 2483 ὄνομα.
2787 2414 3062 2484 θησαυρὸν
3096 2414 3162 2467 ἂν
3185 2415 3412 2477 εἰκότως
3466 2415 3673 2467 ἐκεῖνον
3727 2415 4028 2467 άποκαλοί-

2448 2523 2588 2576 μην,
2635 2507 2691 2560 ὲν
2723 2501 2800 2573 ᾧ.
2833 2507 2927 2559 καὶ
2964 2506 3030 2558 δι’
3069 2499 3167 2571 οὗ,
3209 2507 3303 2559 καὶ
3349 2507 3430 2564 είς
3462 2506 3554 2570 ὃν,
3601 2505 3752 2559 ἅπαν
3801 2506 3934 2573 ἡμῖν
3965 2506 4030 2557 τὸ

2441 2597 2540 2667 τῆς
2573 2598 2850 2668 σωτηρίας
2881 2596 3149 2650 ἀποτεθὲν
3187 2595 3564 2665 ὲπανωρθώθη
3603 2595 3927 2663 κεφάλαιον.
3965 2594 4030 2648 Ei

2447 2688 2523 2759 μὴ
2575 2689 2684 2759 γὰρ
2746 2688 3016 2758 σταυρὸς,
3067 2688 3169 2740 ούκ
3211 2687 3278 2740 ἂν
3326 2688 3354 2739 ὁ
3395 2687 3631 2756 Χριστὸς
3684 2685 4027 2755 έσταύρωτο.

2444 2777 2508 2831 El
2538 2779 2612 2846 μὴ
2635 2778 2886 2847 σταυρὸς,
2905 2780 3004 2831 οὐκ
3034 2776 3098 2830 ἂν
3126 2778 3160 2847 ἡ
3184 2776 3296 2845 ζωὴ
3323 2775 3399 2845 τῷ
3428 2775 3572 2846 ξύλῳ
3596 2777 3944 2845 προσήλωτο.
3967 2777 4032 2828 El

2449 2869 2523 2941 μὴ
2565 2869 2920 2942 προσήλωτο,
2970 2870 3069 2921 οὐκ
3105 2869 3172 2921 ἂν
3215 2871 3280 2920 ὲκ
3315 2867 3555 2938 πλευρᾶς
3589 2869 3637 2920 οι
3671 2868 3894 2940 κρουνοὶ
3928 2869 4033 2936 τῆς

2444 2961 2749 3031 ἀφθαρσίας
2776 2961 3076 3031 ὲπήγαζον,
3107 2956 3247 3029 αἷμα
3274 2962 3369 3012 καὶ
3394 2959 3563 3030 ὕδωρ,
3587 2959 3658 3012 τὰ
3689 2959 3784 3012 τοῦ
3814 2961 4030 3028 κόσμου

2445 3053 2740 3125 καθάρσια,
2775 3055 2875 3107 ούκ
2906 3054 2971 3108 ἂν
3010 3055 3110 3122 τῆς
3143 3053 3423 3123 ἁμαρτίας
3455 3053 3824 3123 χειρόγραφον
3857 3053 4026 3122 Ερῤηο

2447 3164 2564 3211 κτο,
2623 3148 2725 3200 οὑκ
2754 3146 2820 3200 ἂν
2851 3147 2947 3216 τῆς
2994 3145 3309 3215 ἐλευθερίας
3366 3142 3652 3215 ἐτύχομεν,
3690 3143 3790 3195 οὐκ
3827 3143 3900 3195 ἂν
3932 3142 4032 3195 τοῦ

2452 3239 2610 3308 ξύλου
2641 3241 2739 3309 τῆς
2790 3237 2944 3307 ζωῆς.
3003 3237 3424 3308 άπηλαύσαμεν,
3471 3237 3572 3289 οὐκ
3598 3235 3664 3288 ἂν
3692 3236 4034 3305 παράδεισος

2450 3335 2703 3400 άνυικτο,
2736 3334 2835 3385 οὐκ
2868 3332 2933 3385 ἂν
2971 3333 3002 3402 ή
3032 3329 3376 3400 στρεφομένη
3442 3327 3692 3400 ῥομφαία
3738 3327 3838 3397 τῆς
3867 3329 4034 3398 Ἐδὲμ

2450 3428 2550 3498 την
2576 3425 2692 3479 ὁδὸν
2721 3423 3058 3496 παρεχώρει,
3089 3423 3188 3476 ούκ
3214 3423 3278 3476 ἂν
3299 3423 3324 3474 ὁ
3351 3420 3557 3492 λῃστὴς
3580 3421 3670 3472 τδν
3697 3419 4034 3490 παράδεισον

2502 3533 2606 3570 κει.

2502 3533 2606 3570 κει.

2450 3517 2498 3590 ᾧ
2526 3607 2786 3664 Τίταῦτα
2811 3607 2956 3675 λέγω
2981 3626 2996 3674 ;
3021 3608 3081 3660 El
3112 3606 3186 3676 μὴ
3223 3605 3479 3675 σταυρὸς.
3513 3605 3612 3657 ούκ
3643 3602 3709 3656 ἂν
3732 3604 3761 3656 ὁ
3793 3602 4035 3671 Χριστὸς

2457 3704 2550 3758 ἐπὶ
2581 3703 2686 3773 γῆς
2707 3719 2719 3734 ο
2740 3703 2832 3755 καὶ
2863 3702 2912 3754 εἰ
2952 3702 3026 3771 μὴ
3059 3699 3295 3768 Χριστὸς
3352 3698 3446 3751 ἐπὶ
3507 3698 3631 3765 γῆς,
3667 3696 3767 3748 οὐκ
3802 3696 3869 3748 ἂν
3894 3697 4038 3763 Παρ-

2457 3797 2631 3861 θένος,
2685 3796 2784 3849 ούκ
2816 3795 2881 3848 ἂν
2916 3795 3172 3862 γέννησις
3231 3791 3470 3865 Χριστοῦ
3525 3789 3780 3860 δευτέραν
3829 3789 3940 3841 οὐδ’
3969 3787 4039 3841 ἂν

2457 3891 2514 3942 ιν
2547 3885 2820 3958 ἀνθρώπῳ
2874 3884 3039 3948 Θεός·
3099 3883 3208 3936 οὐδ’
3262 3882 3328 3936 ἂν
3359 3883 3536 3944 τόκος,
3585 3880 3646 3934 ού
3704 3879 3908 3948 φάτνη,
3968 3878 4034 3931 ού

2460 3981 2775 4053 σπάργανα,
2809 3981 2867 4032 ού
2900 3977 3173 4050 περιτομὴ
3217 3977 3583 4046 ὀκταήμερος,
3632 3974 3732 4044 οὐχ
3784 3973 4040 4042 ὑποταγὴ

2459 4074 2683 4144 γονέων,
2712 4074 2772 4125 ού
2803 4071 3192 4141 μεθηλικῐωσις
3227 4085 3242 4100 '
3275 4070 3376 4126 οὐκ
3425 4067 3658 4138 αὔξησις
3723 4067 3985 4136 σώματος
4025 4106 4040 4129 ,

2461 4166 2561 4218 οὐκ
2587 4163 2880 4228 ἀνάδειξις,
2901 4164 2961 4215 ού
2990 4160 3368 4232 βαπτίσματος
3397 4159 3710 4230 μέθεξις,ού
3736 4158 4038 4240 θαυμάτων

2463 4257 2743 4323 ἐπίδειξις,
2771 4256 2870 4310 ούκ
2899 4255 3096 4318 Ἰούδας
3117 4254 3404 4324 προδότης.
3434 4254 3496 4305 ού
3523 4253 3756 4314 Πιλάτος
3780 4251 4043 4315 δικάζων,

2463 4353 2565 4408 οὐκ
2615 4348 2888 4403 Ἰουδαίων
2947 4347 3122 4416 τόλμα
3175 4343 3544 4414 σταυροῦσθαι
3605 4343 3698 4396 τὸν
3743 4342 4046 4395 ἀνεύθυνον

2465 4443 2773 4517 κράξουσα.
2828 4441 2935 4494 Καὶ
2961 4441 3010 4492 εί
3055 4439 3127 4509 μὴ
3182 4436 3438 4508 σταυρὸς,
3475 4437 3578 4489 οὐκ
3613 4434 3679 4488 ἂν
3725 4435 4048 4502 έπεπάτητο

766 4529 861 4600 agi
894 4528 1271 4582 indemnatum
1317 4527 1558 4580 clamore
1610 4526 1913 4595 postulans.
1966 4523 2024 4578 Si
2068 4541 2202 4579 crux
2246 4541 2346 4579 non

2465 4539 2716 4598 θάνατος,
2772 4535 2871 4586 οὐκ
2928 4529 3222 4611 ὲσκύλευτο
3269 4529 3425 4601 ᾅδης,
3487 4526 3882 4597 οὑχὸπικρὸς·
3925 4525 4049 4593 δφις
4137 4603 4142 4606 Ι

761 4629 946 4686 esset,
976 4634 1126 4673 mors
1157 4627 1431 4689 prostrata
1463 4633 1572 4671 non
1603 4624 1774 4682 esset,
1808 4615 2059 4672 infernus
2092 4632 2200 4670 non
2229 4631 2346 4687 spo—

2453 4623 2940 4702 lvsvéxpw:o._At'1
2984 4621 3146 4674 τοῦτο
3205 4621 3350 4689 μέγα
3381 4637 3433 4672 τι
3469 4620 3657 4691 χρῆμα
3709 4619 3806 4671 καὶ
3863 4616 4050 4686 τίμιον

765 4715 963 4774 iiatus.
1008 4727 1116 4765 non
1152 4719 1378 4765 enectus
1421 4710 1617 4764 noxius
1654 4723 1906 4778 serpens.
1952 4707 2145 4779 Magna
2169 4708 2346 4778 -igitui

2452 4721 2481 4772 6
2513 4715 2766 4783 σταυρός.
2803 4712 2963 4780 Μέγα
2999 4711 3122 4780 μὲν,
3154 4711 3236 4762 ὅτι
3269 4709 3441 4761 πολλὰ
3462 4709 3527 4761 δι’
3557 4708 3723 4760 αὑτὸν
3763 4707 3873 4758 τῶν
3915 4710 4053 4774 ἀγα-

761 4819 828 4864 et
857 4809 1098 4879 pretiosa
1123 4822 1210 4861 res
1236 4821 1372 4859 crux
1399 4812 1502 4859 est.
1535 4802 1726 4872 Magna
1752 4801 1997 4872 quidem,
2031 4803 2159 4870 quia
2187 4801 2346 4856 multa

2455 4785 2956 4875 Omvvxatwpﬁtbllq,
2992 4804 3086 4855 καὶ
3115 4801 3360 4871 τοσούτῳ
3415 4799 3608 4862 πολλὰ,
3684 4800 3797 4865 δσῳ
3854 4802 3956 4852 καὶ
3983 4799 4050 4850 τὰ

766 4917 873 4973 per
905 4902 1080 4970 ipsam
1104 4898 1250 4953 bona
1280 4895 1470 4951 ell‘ecta
1500 4903 1668 4960 sunt;
1700 4901 1754 4948 et
1777 4901 1929 4946 tanto
1950 4894 2126 4962 plura,
2152 4903 2346 4962 quantc

2454 4897 2694 4970 Χριστοῦ
2721 4893 2980 4963 θαύματα
3015 4893 3110 4946 καὶ
3143 4892 3448 4961 παθήματα
3509 4890 3650 4943 κατὰ
3683 4889 3887 4953 παντὸς
3939 4889 4052 4958 ἔχει

775 4995 953 5065 magis
1007 4992 1216 5048 Christi
1267 4989 1552 5045 miraculis
1595 4995 1650 5042 et
1697 4986 2038 5041 cruciatibus
2112 4987 2346 5054 potiores

2457 4991 2619 5057 λόγου
2648 4987 2719 5041 τὰ
2739 4986 3058 5057 νικητήρια.
3091 4983 3284 5053 Τίμιον
3309 4983 3389 5049 δὲ,
3414 4983 3498 5034 ὃτι
3523 4979 3660 5034 Θεοῦ
3688 4980 3928 5049 πάθημα
3959 4982 4054 5036 καί

769 5096 960 5158 partes
1005 5083 1315 5138 tribuenda:
1369 5090 1520 5136 sunt.
1571 5077 1817 5133 Pretiosa
1860 5092 2027 5143 vero,
2085 5076 2213 5146 quia
2259 5077 2346 5131 Dei

2460 5083 2721 5155 τρόπαιον
2743 5080 2771 5132 ὁ
2793 5077 3046 5147 σταυρός·
3074 5075 3304 5147 πάθημα
3330 5075 3449 5145 μὲν,
3474 5075 3555 5126 ὅτι
3574 5073 3662 5126 διὰ
3681 5073 3773 5125 τὸν
3801 5073 4054 5124 ἑκούσιον

767 5182 962 5254 passio
1001 5189 1056 5234 et
1105 5187 1394 5247 tropaeum,
1447 5189 1582 5228 crux
1622 5181 1748 5227 est:
1784 5170 1968 5242 passio
1999 5169 2243 5240 quidem,
2285 5167 2346 5223 oh

2462 5179 2522 5231 tv
2557 5172 2707 5243 αὐτῷ
2735 5170 2829 5226 τοῦ
2879 5170 3087 5234 πάθους
3148 5169 3409 5224 θάνατον·
3444 5169 3707 5238 τρόπαιον
3738 5167 3819 5233 δὲ,
3847 5168 3943 5220 διά
3998 5169 4056 5220 τὸ

766 5282 1133 5345 spontaneam
1178 5271 1232 5324 in
1274 5270 1390 5336 ipsa
1440 5263 1718 5336 passionis
1758 5269 2034 5335 mortem;
2094 5270 2346 5331 tropaeum

2463 5261 2928 5337 τετραυματίσθαι
2975 5263 3034 5314 έν
3068 5259 3218 5331 αὐτῷ
3267 5260 3360 5313 τὸν
3408 5259 3685 5322 διάϐολον,
3735 5259 4055 5326 νενικῆσθαι

765 5376 984 5432 autem,
1013 5365 1138 5434 quia
1165 5363 1219 5417 in
1253 5363 1369 5430 ipsa
1395 5357 1648 5413 diabolus
1675 5356 1979 5418 sauciatus,
2023 5362 2078 5408 et
2123 5368 2250 5408 cum
2290 5367 2346 5408 eo

2455 5360 2513 5414 δὲ
2543 5359 2641 5412 σὺν
2679 5354 2830 5426 αὐτῷ
2863 5354 2955 5408 τὸν
3016 5354 3278 5409 θάνατον·
3322 5351 3710 5424 συντετρίφθαι
3740 5351 3798 5405 δὲ
3835 5355 3932 5403 καὶ
3964 5352 4054 5403 τοῦ

773 5474 928 5515 mors
977 5457 1190 5513 devicta
1246 5465 1366 5520 est;
1411 5461 1576 5521 atque
1631 5447 1933 5503 inferorum
1961 5446 2200 5500 claustra
2229 5458 2346 5498 con-

2458 5451 2587 5524 ᾇδου
2619 5449 2687 5503 τά
2720 5448 2970 5518 κλεῖθρα,
3008 5447 3104 5500 καὶ
3133 5446 3316 5500 κοινὸν
3347 5445 3549 5509 παντὸς
3600 5445 3935 5514 γεγενῆσθαι
3962 5445 4053 5497 τοῦ

767 5555 930 5615 trita,
965 5557 1020 5605 et
1042 5546 1353 5603 communis
1393 5542 1640 5600 universi
1670 5541 1821 5597 orbis
1863 5539 2014 5595 salus
2040 5555 2176 5594 crux
2214 5537 2346 5592 facta

2465 5545 2676 5616 κόσμου
2705 5542 2978 5614 σωτήριον
3003 5541 3095 5595 τὸν
3125 5540 3378 5612 σταυρόν.

771 5655 884 5702 est.

847 5736 996 5792 Crux
1030 5734 1476 5790 Christianorqu
1519 5746 1666 5800 spes,
1704 5730 2130 5799 desperatorum
2172 5738 2355 5780 serra-

780 5834 910 5901 trix,
941 5838 1265 5902 tempestate
1295 5826 1742 5900 jactatisportus
1763 5864 1776 5890 ,
1808 5823 2153 5878 infirmorum
2194 5817 2360 5874 medi-

2540 5720 2779 5794 Σταυρδς
2797 5719 3144 5792 Χριστιανῶν
3168 5720 3348 5783 ἐλπὶς,
3381 5715 3816 5787 έπεγνωσμᾶνων
3849 5715 4050 5784 σωτὴρ,

2467 5813 2882 5886 χειμαζομένων
2938 5813 3103 5885 λιμὴν
3142 5853 3156 5876 ,
3195 5811 3566 5868 ἀσθενούντων
3602 5809 3804 5880 ἰατρὸς,
3865 5807 4052 5863 παθῶν
