4236 6440
727 387 866 466 τοῦ)

795 518 1066 574 Salutaris
1103 531 1232 588 ergo
1293 513 1486 570 Sermo
1519 513 1607 568 ille
1641 526 1702 567 ac
1763 513 2026 582 optimus,
2070 511 2286 575 Sermo,
2320 523 2363 574 Α

719 609 968 678 inquam,
1005 607 1339 668 subsistens,
1371 619 1432 657 ac
1468 604 1641 671 major
1675 601 2007 666 substantia,
2057 601 2150 654 ubi
2204 608 2289 652 to-

723 708 832 752 tam
869 713 968 768 pro
1004 697 1160 752 nobis
1197 697 1248 749 in
1284 705 1428 749 terra
1460 694 1646 747 carnis
1678 692 2142 761 dispensationem
2169 705 2291 758 ges-

721 790 908 851 sisset,
952 802 1013 840 ac
1047 787 1177 840 olim
1211 786 1277 839 de
1311 785 1427 854 ipso
1458 783 1718 853 przrdicta
1755 782 2054 850 implesset,
2083 789 2292 847 nosque

723 879 780 932 iu
836 881 1023 947 seipso
1058 895 1124 932 ac
1155 892 1214 931 se
1251 878 1303 929 in
1343 875 1504 930 nobis
1531 882 1705 927 totum
1736 875 1851 943 ipse
1901 874 2284 934 exhibuisset,

719 969 920 1022 caelum
956 969 1218 1036 deinceps
1245 981 1308 1019 ac
1341 976 1540 1019 terram
1568 966 1737 1033 gloria
1771 965 2034 1034 implevit,
2082 976 2292 1032 suaque

719 1061 1084 1115 sanctimonia
1121 1069 1307 1112 creata
1359 1059 1612 1111 universa
1667 1056 1879 1110 ditavit.
1918 1057 1988 1108 At
2022 1070 2152 1109 vero
2195 1069 2292 1124 per

717 1165 936 1205 crucem
963 1165 1314 1219 congressus,
1349 1149 1474 1203 mali
1507 1149 1786 1218 superavit
1828 1156 2150 1212 auctorem;
2203 1147 2288 1199 lu-

717 1252 1008 1309 elatusque
1041 1257 1164 1294 cum
1202 1249 1398 1305 morte,
1428 1255 1589 1309 quam
1622 1255 1684 1295 ea
1725 1241 1778 1293 in
1817 1256 1916 1293 nos
1939 1239 2287 1308 tyrannidem

716 1335 1006 1389 exercebat
1045 1332 1416 1398 labefactavit,
1449 1342 1611 1401 atque
1639 1331 1839 1385 inferni
1871 1332 2162 1384 obscuram
2204 1344 2289 1384 re-

714 1427 930 1496 gionem
965 1424 1398 1494 iufernalemque
1427 1426 1652 1493 regiam,
1687 1424 1930 1476 omnium
1960 1422 2140 1476 voraci
2165 1421 2288 1489 ejus

720 1529 914 1571 ventre
942 1517 1188 1577 occluso,
1220 1523 1278 1568 ut
1307 1530 1376 1568 ue
1422 1514 1682 1582 deinceps
1711 1513 2006 1566 deiformes
2063 1519 2286 1566 sant-to-

714 1623 840 1659 rum
879 1608 1092 1678 animas
1127 1622 1224 1660 ceu
1274 1606 1516 1675 potentia
1548 1606 1896 1672 mzincipante
1957 1603 2285 1670 susciperet,

713 1700 928 1754 evertit.
966 1697 1072 1752 Par
1098 1714 1260 1767 porro
1286 1697 1430 1768 quod
1469 1698 1897 1758 existimo‘erat,
1929 1707 1986 1749 ut
2018 1711 2084 1748 ne
2129 1709 2286 1763 pror-

714 1807 812 1845 ειεε
841 1793 1080 1859 antiquae
1121 1791 1525 1844 maledictionis
1551 1790 1675 1857 jura
1707 1787 2081 1841 abolerentur.
2115 1784 2286 1853 Quip-

712 1898 781 1952 pc
809 1881 992 1935 divina
1026 1896 1156 1935 voce
1203 1882 1484 1934 decretum
1555 1889 1822 1940 manarat,
1863 1887 1922 1930 ut
1979 1876 2072 1945 qui
2122 1875 2287 1928 semel
2326 1873 2364 1926 Β

719 1995 748 2029 e
778 1985 923 2028 terra
949 1975 1130 2028 educti
1157 1985 1357 2038 esseut,
1389 1976 1440 2027 in
1475 1982 1672 2026 terram
1701 1979 2124 2030 reverterentur,
2150 1983 2287 2020 nou-

713 2067 843 2121 dum
885 2076 1076 2120 natura
1124 2081 1246 2134 qua:
1279 2064 1470 2119 fuisset
1504 2073 1674 2116 tracta
1707 2078 1734 2116 e
1763 2071 1930 2125 terra,
1982 2062 2286 2114 libertatem

715 2175 743 2211 τι
783 2160 1048 2214 servitute
1079 2159 1130 2211 in
1159 2165 1282 2210 ortu
1330 2156 1666 2224 interituque
1702 2156 1902 2222 posita,
1962 2163 2284 2207 consecuta.

713 2251 879 2305 Plane
908 2259 1090 2304 autem
1135 2265 1231 2319 par
1293 2258 1430 2312 erat,
1465 2257 1523 2301 ut
1553 2265 1570 2298 ι
1599 2247 1689 2314 qui
1744 2262 1837 2316 per
1881 2246 2064 2300 omnia
2109 2244 2288 2299 factus

711 2350 857 2398 esset
886 2341 1148 2396 fratribus
1183 2340 1427 2394 similisi
1479 2349 1499 2382 ι
1547 2340 1754 2407 absque
1798 2345 2044 2407 peccato,
2101 2337 2287 2392 omnia

713 2443 923 2489 natura!
950 2434 1095 2488 velut
1147 2431 1404 2500 insignia,
1453 2431 1507 2484 in
1541 2445 1600 2485 se
1636 2432 1752 2500 ipse
1802 2427 2114 2483 ostenderet
2149 2446 2162 2480 :
2194 2427 2287 2493 qui

712 2541 776 2580 ca
811 2527 877 2581 de
908 2541 986 2591 re,
1023 2523 1165 2580 Deus
1197 2525 1492 2587 exsistens,
1545 2522 1864 2596 impensiori
1903 2521 1956 2574 in
1981 2521 2285 2573 humanum

711 2633 884 2690 genus
947 2617 1141 2672 studio
1191 2616 1366 2671 factus
1440 2627 1586 2670 esset
1651 2616 1837 2678 homo,
1901 2620 2289 2684 gustassetque

711 2710 1029 2764 affectiones
1065 2710 1353 2772 humanas,
1389 2720 1447 2762 ut
1487 2723 1642 2762 suam
1672 2708 1725 2760 in
1753 2721 1855 2760 nos
1906 2705 2158 2759 homines
2193 2720 2290 2758 ne-

710 2797 1100 2852 cessitudinem
1135 2798 1407 2866 proderet.
1442 2798 1486 2851 si
1535 2795 1757 2865 quando
1808 2795 1929 2865 ejus
1982 2796 2289 2849 aﬂectioni-

710 2889 835 2951 bas,
868 2889 961 2958 qui
990 2889 1058 2943 ab
1083 2888 1465 2944 affectionibus
1494 2898 1640 2944 esset
1675 2889 1958 2954 immunis,
2014 2889 2290 2944 immunes

709 2981 816 3051 ipsi
852 2992 906 3035 et
949 2981 1106 3035 liberi
1143 2982 1211 3035 ab
1267 2980 1652 3036 affectionibus
1711 2981 2090 3036 retlderemur.
2155 2981 2289 3034 Pro-

1914 406 1954 464 S
2009 403 2338 465 ANDREE
2365 403 2787 465 CRETENSIS

3842 396 3991 461 ιοιε

2477 515 2534 566 Ὀ
2567 514 2748 565 τοίνυν
2786 511 3052 583 σωτήριος
3075 512 3170 566 καὶ
3193 510 3545 583 ὕπεράγαθος
3572 510 3746 579 Λόγος
3771 551 3786 577 ,
3821 511 3852 565 ὀ
3882 513 3980 563 ιν-

2403 605 2704 668 υπόστατός
2729 621 2789 657 τε
2822 605 2914 657 καὶ
2950 605 3296 674 ὑπερούσιος,
3318 605 3498 657 πᾶσαν
3523 603 3623 674 τὴν
3647 605 3785 673 ὑπὲρ
3814 603 3982 672 ἡμῶν

2399 698 2711 766 οἰκονομίαν
2767 697 2858 748 t«l.
2909 697 3013 764 γῆς
3065 694 3204 761 μετά
3243 696 3444 762 σαρκδς
3495 694 3978 763 ὲμπολιτευαάμε-

2399 802 2510 847 νος,
2563 785 2660 837 καὶ
2698 786 2764 836 τά
2833 784 3001 837 πάλαι
3053 783 3186 852 περὶ
3231 783 3400 835 αὐτοῦ
3455 784 3980 852 κεχρησμῳδημένα

2399 877 2716 946 πληρώσας,
2741 875 2920 940 δείξας
2952 893 3008 926 τε
3058 878 3205 945 ἡμᾶς
3231 878 3288 928 ὲν
3331 876 3500 942 αὐτῷ,
3537 877 3630 927 καὶ
3657 876 3778 928 ὅλον
3809 874 3979 928 αὑτὸν

2399 971 2457 1020 tv
2484 971 2636 1037 ἡμῖν,
2662 959 2992 1036 πεπλήρωκε
3029 967 3121 1018 τὸν
3150 965 3376 1036 οὐρανὸν
3417 968 3510 1018 καὶ
3536 967 3635 1035 τὴν
3661 967 3765 1036 γῆν
3787 966 3977 1034 δόξης,

2400 1060 2492 1114 καὶ
2513 1060 2610 1129 τῆς
2639 1060 2918 1122 ἁγιστείας
2942 1057 3107 1110 αὑτοῦ
3142 1058 3241 1128 τὴν
3268 1059 3562 1128 σύμπασαν
3583 1058 3979 1111 κατεπλούτισι

2399 1152 2595 1205 κτίσιν.
2649 1151 2922 1219 Νενίκηκε
2951 1150 3026 1210 δὲ,
3065 1149 3154 1201 διὰ
3193 1149 3442 1218 ’σταυροῦ
3485 1149 3835 1218 συμπλακεὶς
3879 1149 3977 1202 τὸν

2396 1243 2730 1312 ἀρχέκακον,
2767 1245 2860 1294 καὶ
2899 1241 2977 1310 τῷ
3003 1241 3218 1310 θανάτῳ
3251 1241 3688 1311 προσπαλαίσας,
3717 1241 3818 1310 τὴν
3848 1240 3977 1292 καθ’

2397 1335 2553 1405 ἡμῶν
2583 1335 2740 1386 ἔλυσε
2769 1332 3092 1403 τυραννίδα·
3133 1332 3260 1402 ᾅδου
3287 1349 3346 1384 τε
3379 1333 3472 1385 τὸν
3519 1333 3740 1401 ἀφεγγῆ
3771 1332 3976 1401 χῶρον,

2397 1427 2492 1478 καὶ
2525 1425 2592 1477 τὰ
2637 1427 2756 1476 ἐκεῖ
2784 1425 3000 1478 καθεῖλε
3044 1423 3312 1492 βασίλεια,
3340 1425 3439 1493 τὴν
3479 1425 3777 1492 παμφάγον
3805 1424 3977 1477 αὑτοῦ

2401 1515 2729 1582 συγκλείσας
2769 1513 3032 1582 γαστέρα,
3064 1514 3200 1583 πρὸς
3239 1513 3299 1565 τὸ
3333 1513 3408 1582 μὴ
3437 1513 3535 1575 τὰς
3570 1513 3824 1575 θεοειδεῖς
3865 1515 3980 1565 τῶν

2397 1609 2570 1675 ἁγίων
2598 1606 2777 1675 ψυχάς
2800 1606 2880 1658 ἔτι
2912 1606 3032 1658 κατ’
3076 1605 3432 1674 ἐπικράτειαν
3467 1605 3738 1674 δέχεσθαι.
3779 1607 3980 1676 Ἐχρῆν

2394 1699 2473 1761 δὲ,
2506 1693 2682 1768 οἶμαι,
2732 1699 2805 1766 μὴ
2848 1699 3022 1767 πάντη
3063 1700 3162 1767 τῆς
3191 1699 3427 1768 ἀρχαίας
3461 1699 3602 1767 ἀρᾶς
3646 1699 3982 1767 ἀποπαυθῆ-

2394 1809 2482 1844 ναι
2505 1790 2574 1843 τά
2612 1789 2883 1860 ὀροθέσια.
2920 1789 3056 1842 Θεοῦ
3088 1791 3198 1859 γάρ
3226 1785 3294 1859 ἦν
3327 1790 3499 1860 φωνὴ,
3533 1791 3659 1852 τοὺς
3691 1789 3842 1854 άπαξ
3871 1791 3982 1843 ἀπὸ

2395 1881 2499 1949 γῆς
2525 1875 2934 1950 παραχθέντας.
2975 1881 3054 1942 εἰς
3088 1879 3192 1946 γῆν
3230 1881 3603 1948 ὲπανάγεσθαι
3627 1896 3640 1909 °
3666 1881 3750 1932 ὅτι
3776 1880 3852 1948 μὴ
3879 1879 3982 1946 τῆς

2396 1975 2454 2026 tv
2487 1975 2694 2042 γενέσει
2729 1974 2821 2027 καὶ
2859 1974 3036 2043 φθορᾷ
3064 1973 3308 2036 δουλείας
3337 1974 3370 2042 ή
3399 1975 3532 2042 πρὶν
3565 1973 3981 2040 ἀπογαιωθεῖσα

2397 2065 2558 2133 φύσις
2605 2065 2744 2128 τέως
2797 2063 3241 2135 ἀπηλευθέρωτο.
3310 2065 3457 2118 Ἔδει
3519 2065 3576 2117 δὲ
3627 2083 3645 2116 ι
3686 2065 3784 2117 τὸν
3835 2065 3983 2117 κατά

2397 2159 2575 2211 πάντα
2600 2159 2713 2220 τοῖς
2741 2157 2993 2225 ἀδελφοῖς
3025 2159 3364 2228 ὁμοιωθέντα
3388 2159 3557 2228 χωρὶς
3603 2157 3880 2227 ἁμαρτίας
3907 2197 3920 2218 ,
3954 2175 3975 2206 ι

2397 2251 2577 2304 πάντα
2607 2252 2666 2302 ὲν
2705 2251 2855 2321 αὐτῷ
2889 2251 2956 2304 τά
2992 2251 3093 2321 τῆς
3132 2252 3350 2319 φύσεως
3396 2251 3723 2321 παραδεῖξαι
3773 2249 3982 2318 γνωρέ-

2399 2359 2580 2412 σματα
2601 2359 2615 2372 ο
2648 2341 2706 2405 ὃς
2735 2342 2826 2395 διά
2868 2342 3045 2408 τοῦτο,
3072 2342 3206 2406 Θεὸς
3245 2341 3344 2406 ὢν,
3392 2343 3534 2412 ὑπὲρ
3563 2339 3981 2410 φιλανθρωπίας

2397 2435 2616 2502 ἐγένετο
2648 2433 2956 2505 ἄνθρωπος·
2985 2435 3079 2487 καὶ
3114 2434 3302 2488 παθῶν
3335 2433 3680 2502 ἀπεγεύσατο
3722 2435 3860 2502 πρὸς
3898 2431 3984 2482 ἔν-

2397 2525 2564 2590 δειξιν
2603 2526 2702 2594 τῆς
2755 2527 2891 2596 πρὸς
2929 2528 3076 2596 ἡμᾶς
3113 2525 3464 2587 οἱκειώσεως,
3505 2526 3560 2578 ετ
3586 2542 3702 2584 πως
3747 2527 3861 2585 τοῖς
3884 2523 3990 2574 τοῦ·

2397 2616 2646 2680 ἀπαθοῦς
2674 2617 2905 2671 πάθεσιν
2930 2617 3036 2682 ἔξω
3067 2617 3255 2670 παθῶν
3288 2615 3984 2686 κατασταίημεν..Ταύτη-

2397 2728 2480 2764 τοι
2505 2714 2600 2765 καὶ
2634 2712 2843 2783 φθορᾶς
2884 2716 3080 2783 πεῖραν
3120 2712 3308 2766 λαϐεῖν
3355 2711 3702 2775 κατεδέξατο,
3741 2710 3837 2761 καὶ
3883 2707 3987 2759 θα·
4031 2705 4059 2725 ¹

2401 2804 2548 2874 νάτῳ
2581 2805 3005 2875 προσομιλῆσαι,
3031 2805 3124 2857 καὶ
3155 2806 3252 2874 τὴν
3291 2803 3496 2874 ἀμειδῆ
3513 2801 3608 2855 τοῦ
3637 2801 3764 2871 ᾁδου
3794 2798 3986 2868 χώραν

2401 2895 2752 2960 καταλαϐεῖν,
2799 2897 2864 2949 ἶν’
2901 2899 3064 2967 ἡμεῖς
3110 2897 3218 2950 τῶν
3263 2894 3514 2948 ἐντεῦθεν
3567 2890 3987 2962 ἀποδραμόντες

2398 2987 2646 3057 δεσμῶν,
2680 2991 2759 3052 είς
2806 2989 3120 3057 ἀφθαρσίαν
3172 2988 3685 3057 μεταχωρήσαιμεν.
3735 2979 3880 3035 Ἀλλ’
3921 2980 3985 3030 οὐ

710 3083 894 3142 pterea
917 3074 1078 3128 etiam
1109 3073 1439 3128 interitionis
1466 3073 1769 3142 periculum
1801 3075 2065 3130 sustinuit
2089 3075 2288 3140 facere,

2401 3079 2554 3149 παρά
2615 3079 2774 3132 τοῦτο
2830 3080 2922 3133 τὸν
2984 3079 3214 3147 φυσικὸν
3281 3075 3664 3147 ἐκφευξόμεθα
3704 3073 4016 3149 θάνατον’,

711 3182 776 3222 ac
812 3169 998 3224 subire
1033 3177 1286 3228 mortem,
1323 3176 1488 3235 atque
1519 3167 1585 3221 ad
1622 3169 1838 3222 tristem
1881 3168 2079 3222 inferni
2107 3169 2290 3237 regio-

2401 3147 2518 3238 εἱγε
2546 3171 2688 3224 κατὰ
2724 3172 2894 3241 μόνην
2921 3171 3022 3242 τὴν
3042 3153 3224 3242 χάριν,
3257 3170 3372 3223 ἀλλ’
3406 3169 3468 3222 οὐ
3500 3168 3639 3220 κατά
3667 3164 3765 3236 τὴν
3793 3147 4024 3233 φύσιν,”

712 3275 837 3314 item
876 3260 1084 3322 venire,
1120 3267 1180 3312 ut
1213 3259 1313 3327 ipsi
1366 3257 1731 3312 infernalibus
1762 3257 2002 3326 exempti
2033 3257 2290 3323 vinculis,
2324 3253 2327 3280 ‘

2399 3237 2622 3314 τὸεῖναι
2649 3237 2928 3325 λαδόντες,
2959 3237 3218 3315 ἀθάνατοι
3243 3257 3668 3325 διεπλάσθημεν.
4004 3274 4006 3276 ·

717 3352 1265 3421 iniucorruptionem
1315 3349 1763 3404 transferremttr.
1810 3347 2008 3402 Verum
2040 3350 2326 3406 enimvero
2389 3352 2812 3424 haudquaquam
2879 3355 3000 3408 ideo
3042 3367 3234 3409 sumus
3296 3349 3520 3404 vitaturi
3579 3352 3811 3399 mortem
3886 3357 3990 3397 na-

719 3446 974 3511 turalem,
1029 3443 1300 3512 siquidem
1333 3443 1507 3511 gratia
1539 3451 1772 3507 tantum,
1807 3457 1912 3497 non
1940 3453 2124 3497 autem
2188 3459 2288 3513 per
2326 3451 2583 3501 naturam
2626 3455 2884 3516 suscepto
2907 3460 3052 3510 esse,
3107 3442 3449 3498 immortales
3521 3452 3714 3494 sumus
3782 3449 3989 3490 recon-

711 3543 920 3596 cinnati
955 3537 1141 3610 (71).

787 3632 1065 3700 Quorsum
1122 3645 1250 3686 vero
1283 3631 1397 3686 haec
1453 3631 1670 3700 loquor,
1717 3631 1935 3694 fratres,
1970 3647 2033 3687 ac
2088 3646 2194 3701 qua
2226 3631 2294 3686 de

712 3739 882 3779 causa
913 3722 1018 3776 huc
1051 3721 1322 3776 sermonis
1355 3730 1648 3791 provectus
1672 3721 1834 3774 sum?
1867 3721 2022 3785 Quod
2049 3721 2092 3774 si
2127 3721 2295 3774 nimi-

712 3833 859 3880 rum,
920 3815 1192 3885 siquidem
1219 3815 1518 3869 debeamus
1551 3813 1800 3883 prazclari
1826 3813 1976 3866 illius
2027 3812 2296 3867 transitus

715 3918 1064 3966 sacramenta
1109 3907 1380 3978 attingere
1412 3949 1427 3973 ,
1485 3921 1711 3962 necesse
1742 3913 1834 3970 stt,
1871 3916 1933 3962 ut
1983 3907 2298 3976 aliquantu-

713 4006 828 4059 lum
885 4017 1196 4057 sermonem
1254 4001 1585 4056 reducamus
1627 4001 1692 4054 ad
1733 4001 1979 4054 omnium
2041 4009 2294 4055 nostrum

716 4097 1011 4152 Dominum
1056 4095 1363 4164 horumque
1408 4109 1470 4147 ac
1524 4093 1692 4148 Deum
1749 4091 1935 4148 Jesum
1990 4093 2294 4159 Christum,

716 4200 944 4258 tumque
974 4185 1167 4242 ordine
1222 4186 1472 4256 subjecto
1503 4193 1833 4255 argumento
1866 4186 2171 4239 orationem
2198 4199 2296 4254 ap-

2464 3608 2607 3698 Πρὸς
2635 3625 2728 3680 οὖν
2758 3625 2810 3678 τί
2835 3623 3006 3677 ταῦτά
3045 3639 3208 3692 φημι,
3240 3618 3490 3688 ἀδελφοὶ,
3523 3616 3616 3669 καὶ
3652 3615 3774 3667 ὅτου
3819 3599 3990 3680 χάριν

2393 3724 2474 3784 είς
2497 3720 2720 3779 τούτους
2749 3718 2842 3770 νῦν
2873 3715 3160 3786 προήχθην
3195 3715 3324 3777 τοὺς
3359 3712 3586 3778 λόγουςς
3620 3708 3745 3760 Ὀτι
3767 3706 3814 3757 εί
3855 3703 3990 3773 μέλ-

2395 3813 2585 3882 λοιμεν
2613 3810 2723 3864 τῶν
2771 3807 2915 3862 κατά
2950 3807 3050 3878 τὴν
3098 3805 3357 3875 ὑπερφυᾶ
3395 3803 3730 3874 μετάστασιν
3778 3811 3990 3866 μυστη-

2400 3905 2532 3978 ρίων
2559 3901 2924 3972 ἐφάπτεσθαι,
2947 3900 3178 3968 ἱνάγκη
3223 3896 3418 3968 μικρὸν
3449 3891 3612 3946 αὑτοῦ
3648 3907 3752 3942 που
3773 3889 3868 3940 τὸν
3904 3886 3992 3938 λό-

2409 4016 2506 4068 γον
2540 3999 2835 4064 ἀναγαγεῖν
2854 4035 2868 4058 ,
2904 3995 2997 4046 ἐπὶ
3029 3993 3120 4045 τὸν
3157 3993 3375 4045 πάντων
3399 3988 3558 4060 ἡμῶν
3583 3985 3864 4050 Δεσπότην
3895 3979 3995 4032 καὶ

2398 4093 2616 4163 ,Κύριον
2643 4090 2737 4143 καὶ
2758 4087 2893 4141 Θεὸν
2924 4085 3130 4154 Ἰησοῦν
3155 4082 3412 4154 Χριστὸν,
3441 4076 3539 4133 εἶθ’
3569 4077 3741 4138 οὕτως
3765 4075 3829 4127 δι’
3863 4074 3996 4125 ἀκο-

2407 4183 2602 4235 λούθου
2641 4177 2846 4244 τάξεως
2902 4174 3300 4240 συναναζεῦξαι
3337 4171 3472 4242 πρὸς
3508 4169 3566 4222 τὸ
3608 4165 3990 4237 προκείμενον.

717 4292 897 4336 temus
931 4296 993 4336 ac
1018 4294 1400 4335 conseramus.
1441 4277 1714 4346 Quoniam
1751 4295 1882 4350 ergo
1920 4279 2296 4334 necessarium

2412 4274 2636 4344 Ἐπειδὴ
2679 4273 2790 4342 γάρ
2827 4270 2888 4336 ἐξ
2923 4269 3170 4338 ἀνάγκης
3217 4267 3480 4319 ἀπέκειτο
3525 4262 3637 4322 τοῖς
3679 4256 3995 4350 ἀνθρώποις

713 4375 1030 4430 hominibus
1073 4375 1423 4430 incumbebat
1463 4383 1520 4428 ut
1551 4375 1717 4429 semel
1769 4383 2137 4439 morerentur,
2182 4387 2299 4427 res-

2409 4367 2560 4432 ἀπαξ
2589 4365 2902 4426 ἀποθανεῖν,
2931 4364 3023 4416 καὶ
3069 4351 3138 4432 ἦν
3171 4357 3332 4413 τοῦτο
3378 4355 3555 4423 πάντη
3593 4353 3659 4422 τῇ
3698 4349 3818 4403 καθ’
3843 4349 3996 4417 ἡμᾶς

715 4454 822 4538 que
854 4469 1082 4523 omnino
1134 4469 1372 4522 hvmano
1408 4467 1593 4537 generi
1645 4467 2067 4536 indeprecabilis
2125 4471 2293 4531 erat,

2405 4461 2781 4531 ἀπαραίτητον
2819 4457 3018 4527 φύσει,
3052 4455 3131 4524 τῷ
3185 4451 3420 4524 μάλιστα
3448 4447 3535 4501 διὰ
3562 4447 3663 4516 τῆς
3704 4441 3998 4538 παρακοῆς

714 4535 862 4631 quod
903 4563 1138 4614 maxime
1165 4561 1217 4614 id
1249 4577 1278 4614 a
1309 4535 1601 4630 principio,
1657 4535 1866 4613 ferente
1923 4557 2163 4619 Fictore,
2210 4557 2296 4609 in-

2402 4553 2611 4609 άνωθεν
2637 4551 2826 4605 τοῦτον
2858 4547 3116 4615 δέξασθαι
3144 4545 3296 4616 παρά
3316 4542 3410 4597 τοῦ
3450 4539 3691 4593 πλάστου
3717 4536 3812 4589 τδν
3843 4535 3994 4603 δρονδ

713 4654 1042 4708 obedienti-ae
1073 4653 1282 4708 crimen
1323 4660 1376 4707 et
1399 4653 1764 4722 transgressio
1800 4652 2088 4706 sententia:
2116 4667 2279 4707 acce-

2403 4654 2493 4708 διά
2535 4651 2692 4706 τοῦτο
2735 4650 2823 4720 δὴ,
2873 4650 2970 4703 καὶ
3012 4650 3040 4702 ὁ
3083 4647 3286 4716 Κύριος
3341 4640 3487 4707 άπαε
3539 4637 3837 4700 ἀπέθανεν,
3877 4633 4000 4694 ἑνὸς

714 4749 884 4816 pisset
914 4786 928 4809 ,
963 4745 1171 4800 idcirco
1202 4746 1366 4800 etiam
1406 4744 1672 4798 Dominus
1715 4746 1884 4798 semel
1919 4751 2170 4798 mortuus
2193 4753 2297 4809 est,

2405 4743 2700 4814 γενόμενος
2742 4743 2976 4796 θανάτου
3015 4739 3365 4808 ἀντίλυτρον,
3419 4736 3506 4788 ἵνα
3549 4732 3760 4792 πάντας
3806 4725 4000 4816 ἀπλῶς

719 4841 887 4893 υιιὶιιε
921 4838 1070 4893 illius
1115 4837 1426 4892 communis
1453 4837 1647 4890 mortis
1709 4837 1941 4903 pretium
2005 4835 2206 4902 factus,
2240 4846 2299 4893 ut

2408 4810 2696 4906 ἀπαλλάξῃ
2727 4835 2824 4903 τῆς
2857 4833 3060 4902 πικρᾶς
3091 4830 3183 4883 τοῦ
3229 4827 3463 4882 θανάτου
3499 4821 3771 4883 δουλείας,
3800 4818 3917 4880 καὶ,

715 4948 908 4987 omnes
938 4933 1098 5002 plane
1126 4932 1192 4986 ab
1231 4945 1416 4984 amara
1467 4930 1661 4983 mortis
1700 4929 1968 4983 servitute
2011 4931 2298 4995 eximeret,

2411 4945 2577 4998 φησιν
2606 4929 2633 4982 ὁ
2673 4925 3044 4998 Ἱεροφάντης,
3074 4941 3092 4975 ι
3132 4921 3270 4984 Τοὺς
3293 4920 3407 4972 ὅσοι
3427 4914 3578 4986 φόϐῳ
3605 4913 3844 4968 θανάτου
3875 4909 4000 4962 δια-

793 5112 810 5150 ί
862 5107 1029 5162 llebr.
1065 5123 1123 5170 tt,
1159 5107 1244 5162 ΓΙ.

2029 5211 2415 5271 COMBEFISII
2453 5210 2687 5267 NOTE.

714 5320 1000 5389 κύψωμεν,
1031 5315 1143 5389 νοτ
1167 5314 1604 5389 signantisstma.
1639 5312 1706 5364 ad
1738 5309 1960 5389 modum
1988 5307 2305 5389 evprimen-
2414 5308 2480 5362 ad
2513 5322 2636 5362 esse
2661 5304 2990 5389 immortalg,
3029 5301 3575 5389 q.uod_absoh‘tt_e_per
3603 5297 3835 5389 gratiam
3880 5306 3964 5351 est
3987 5343 4002 5365 ,

712 5367 1017 5455 ἓᾶἷιὶζᾝιιο
1049 5367 1400 5440 νιξιιιισινενὶυε
1435 5367 1722 5437 oculorum
1757 5382 1929 5451 jactu.
1979 5394 2042 5432 ac
2065 5367 2305 5455 quadam
2415 5392 2719 5455 eoquepar
2755 5385 2840 5431 est
2867 5367 3092 5455 diﬂ'erri.
3117 5373 3266 5455 velut
3300 5367 3623 5455 indebitqu
3651 5367 3836 5455 Potest
3881 5383 4007 5424 esse

712 5444 781 5518 Si
813 5444 1047 5515 adverso
1092 5459 1471 5527 protensione,
1523 5456 1710 5527 di\ill_1l_
1742 5444 1793 5506 ιῑι
1828 5444 2308 5527 corpore'positi,
2419 5444 2742 5527 metaphora
2783 5461 2822 5527 ξι.
2867 5445 3128 5501 membris
3191 5444 3396 5526 luxatis
3429 5452 3485 5527 et
3524 5444 3824 5509 quassatis.
3880 5454 4007 5520 quia

711 5511 1131 5588 t-i'x‘itsotlicutru
1197 5529 1227 5580 it
1255 5511 1591 5597 spectantis.
1641 5524 1734 5587 Τό,
1784 5511 1946 5591 φύσις
1989 5511 2140 5592 πρ¹ιν’
2169 5520 2309 5573 ἀπο.
2417 5511 2649 5577 subinde
2681 5517 2893 5597 medica
2923 5525 3042 5597 alte
3060 5517 3552 5597 reconcinnantur,
3577 5525 3690 5592 quo
3712 5523 3889 5597 1sensu
3923 5511 4004 5590 ei.

711 5577 1032 5674 γαέιυθεῖσα.
1077 5599 1137 5653 D.
1173 5601 1227 5661 7,
1261 5577 1401 5653 urtate
1436 5596 1708 5651 redditum
1724 5577 1823 5674 'es't
1863 5612 1876 5647 :
1921 5577 2048 5648 naui
2077 5603 2308 5674 σειραὶ·

2419 5599 2568 5674 tatur
2588 5606 2652 5652 ex
2683 5587 2911 5674 Galerio.
2940 5585 3121 5674 Paulo
3142 5586 3329 5674 postnl.
3355 5577 4003 5674 9.J00ffig.e.l-IEBB.I‘IA|

715 5662 793 5731 l'ut
821 5675 953 5729 olim
999 5673 1052 5724 iu
1099 5685 1302 5725 tetram
1339 5685 1521 5731 versa,
1556 5685 1650 5723 seu
1684 5667 1909 5720 addicta
1956 5679 2078 5734 qua:
2106 5662 2159 5715 in
2194 5667 2307 5715 ter-

714 5764 830 5803 rutu
858 5752 1185 5799 verteretur.

787 5817 870 5879 (71
888 5822 900 5879 )
920 5815 944 5871 I
952 5812 1256 5870 mmortales
1275 5827 1458 5866 sumus
1476 5808 1836 5865 reconcinuati
1845 5803 2175 5879 ,Διεπλάσθη
2187 5818 2304 5879 μεν.

718 5877 972 5948 Secunda
1008 5901 1103 5958 per
1131 5884 1416 5943 Christum
1451 5879 1805 5944 formatione,
1830 5890 1884 5939 et
1920 5877 2310 5937 reformatione

2417 5672 2581 5717 errat.
2605 5669 2751 5715 mota
2778 5651 3228 5728 interrogatione.
3256 5654 3319 5708 Ι).
3346 5654 3401 5728 ᾇ,
3507 5651 3590 5711 τὸ.
3624 5651 3967 5728 temporalem
3989 5666 4006 5701 :

2418 5743 2477 5788 ttt
2505 5732 2650 5802 quod
2674 5731 2920 5787 auctoris
2949 5723 3278 5802 sententiam
3310 5724 3478 5802 nimis
3508 5723 3827 5794 restringat,
3853 5729 3911 5778 et
3935 5735 3995 5776 ar

2420 5796 2676 5872 mortem,
2717 5802 2783 5858 de
2806 5815 2911 5875 qua
2943 5800 3084 5857 forte
3105 5813 3213 5855 non
3242 5796 3503 5867 loquitur.
