4236 6440
247 400 380 471 ως

1241 407 1322 467 IN
1360 405 1902 468 DORMITIONEM
1956 407 2018 466 S.
2059 405 2340 468 MARLE.
2400 409 2449 468 Ι.

3331 408 3466 472 1050

242 514 444 576 παντὸς
465 514 559 567 τοῦ
577 514 674 586 ζῇν
697 514 869 585 ἔνοχοι
886 511 1024 586 ἦσαν
1038 515 1302 579 δουλείας.
1317 519 1410 570 »Τί
1433 519 1526 571 νῦν
1547 521 1608 572 ού
1626 520 1806 588 τεθνη-
1833 525 1876 577 Λ
1906 537 1915 569 ι

1788 525 2004 582 -Λρι,
2067 528 2119 570 ut
2181 520 2398 573 divinus
2474 518 2551 573 ait
2621 519 2944 587 interpres,
3014 537 3032 570 ι
3086 516 3293 575 Omnes
3368 521 3461 587 qui

243 605 446 671 ξόμεθα
467 605 563 657 τὸν
607 606 836 658 θάνατον
878 607 1116 670 ἐκεῖνονς
1149 608 1504 675 ἀντιφήσαιεν
1545 611 1611 663 ἄν
1656 626 1801 671 τινες

242 698 390 757 ῑσως.
423 695 907 766 Ναὶτεθνηξόειεθα
927 698 995 750 ⁵⁸.
1016 698 1158 766 Πλὴν
1187 699 1248 749 ού
1275 698 1540 766 μενοῦμεν
1573 701 1630 750 ὲν
1655 698 1804 768 αύτῷ

239 785 600 854 δεδηλωμένοι
619 787 760 839 καθά
779 787 872 838 καὶ
886 789 1170 858 πρότερον.
1187 790 1274 840 ὅτε
1293 789 1367 858 τῷ
1383 790 1598 861 θανάτῳ
1619 808 1803 844 κατειι

240 874 447 944 χόμεθα
475 875 684 944 δέσμιοι
730 878 807 946 τῷ
831 879 926 947 ’.τῆς
954 865 1227 948 ἀμαρτίας
1263 882 1647 951 γραμματείῳ.
1697 883 1805 935 Καὶ

241 967 290 1016 εί
323 964 513 1029 οὕτως,
545 965 656 1018 οὐδ’
693 968 985 1021 ἀποθανεῖν
1024 971 1246 1032 εἰκότως
1285 971 1444 1024 τοῦτο
1484 972 1679 1033 λέγοιτ’
1712 973 1798 1025 ἄν.

242 1057 366 1110 Elei.
394 1057 522 1128 γάρ,
542 1057 647 1110 είσί
677 1076 842 1123 τινες,
861 1061 910 1114 οἳ
945 1062 1041 1113 καὶ
1066 1062 1253 1114 τοῦτον
1274 1063 1651 1131 διαφεύξονται
1682 1066 1799 1134 μὲν,

241 1147 635 1218 ἀλλαγήσονται
671 1149 757 1211 δὲ.
795 1151 934 1202 κατά
960 1152 1060 1220 τὴν
1102 1152 1253 1221 ίεράν
1286 1155 1664 1222 ἐκφαντορίαν.
1696 1155 1804 1206 Θα-

243 1236 402 1288 νάτού
423 1237 479 1288 δὶ
507 1239 761 1308 τυραννὶς
789 1239 883 1290 καὶ
926 1239 1152 1302 θάνατος
1183 1242 1392 1303 ἐκεῖνος
1423 1241 1593 1303 ὅντως
1631 1243 1800 1306 ἐστὶν,

1907 609 2102 660 timore.
2133 609 2326 661 mortis
2355 623 2449 677 per
2481 616 2653 661 totam
2697 610 2864 660 vitam
2906 609 3127 661 obnoxii
3160 617 3318 662 erant
3344 623 3475 662 ser'o

1905 697 2063 750 vituli
2107 697 2156 750 l.
2186 716 2204 748 ι
2244 698 2381 751 Num
2412 699 2579 762 enim,
2611 699 2914 766 objecerint
2963 701 3100 752 forte
3137 699 3328 767 aliqui,
3357 715 3475 752 non-

1906 803 2093 843 sumus
2129 797 2354 843 tnortem
2399 789 2547 842 illam
2605 791 2899 845 morituri?
2939 791 3030 845 Sic
3065 792 3222 860 plane
3275 806 3468 844 sumus

1906 877 2178 929 morituri.
2223 875 2653 946 Haudquaquam
2716 888 2895 931 tamen
2939 880 3087 932 velut
3133 880 3286 940 olim,
3319 879 3371 931 in
3406 894 3470 932 ea

1908 967 2161 1020 servituti
2196 967 2422 1032 addicti,
2483 984 2608 1022 cum
2656 971 2865 1034 peccati
2922 970 3105 1022 libello
3156 977 3472 1022 teneremur

1907 1060 2070 1111 vincti
2108 1074 2121 1109 :
2162 1068 2326 1127 atque
2357 1058 2491 1112 adeo
2523 1060 2712 1129 sitqui
2754 1076 2854 1114 nec
2911 1061 3210 1114 morituros
3265 1061 3464 1113 merito

1907 1150 2125 1204 dixerit.
2156 1147 2320 1203 Plane
2348 1152 2492 1203 enim
2524 1159 2672 1213 sunt,
2708 1153 2801 1220 qui
2834 1158 2888 1205 et
2914 1151 3055 1204 hanc
3087 1150 3302 1219 quidem
3333 1158 3472 1204 tem-

1909 1239 2153 1308 poralem
2212 1248 2440 1293 mortem
2510 1241 2620 1293 sint
2669 1243 2910 1306 evasuri,
2970 1255 3282 1309 quanquam
3325 1249 3377 1292 et
3411 1239 3469 1302 ii,

241 1325 332 1378 δτι
365 1327 560 1395 μηκέτι
595 1330 1036 1399 ωγχωρηθῶμεν
1078 1331 1442 1396 ἀποθανόντες
1486 1333 1804 1386 ἐπανελθεῖν
1904 1330 1914 1398 j

1792 1352 1804 1386 ο
1904 1329 2058 1398 juxta
2085 1343 2298 1382 sacram
2356 1327 2509 1382 Pauli
2549 1329 2884 1392 doctrinam,
2934 1339 3064 1385 sunt
3123 1330 3465 1382 immutandi.

241 1418 322 1476 είς
351 1416 516 1486 ζωήν.
576 1418 806 1472 Ὀπόταν
837 1421 893 1473 δὲ
933 1423 1027 1472 καὶ
1063 1422 1390 1491 τεθναίημεν
1410 1463 1423 1485 ,
1454 1424 1548 1476 καὶ⁵
1581 1424 1718 1492 μετὰ
1745 1425 1807 1476 τὸ
1911 1419 1914 1470 1

1799 1449 1807 1475 ι
1911 1419 1982 1472 Ea
2021 1435 2183 1488 porro
2206 1421 2397 1474 mortis
2433 1421 2681 1490 tyrannis
2714 1435 2776 1474 ac
2810 1435 2934 1474 vera
2964 1437 3113 1474 mors
3141 1431 3245 1482 est,
3294 1436 3472 1489 quan:-

241 1504 424 1558 θανεῖν
457 1508 699 1572 εἰσαῦθις
737 1511 1013 1580 ζήσωμεν,
1048 1513 1141 1564 καὶ
1179 1511 1322 1580 ζωὴν
1349 1513 1446 1582 τὴν
1470 1514 1712 1582 ἀμείνω·
1745 1515 1804 1566 ού
1908 1532 1914 1562 ι

1800 1536 1804 1561 ι
1908 1511 1981 1565 do
2012 1510 2178 1565 semel
2214 1511 2445 1564 mortuis
2481 1526 2588 1562 non
2620 1513 2695 1564 sit
2745 1525 3006 1565 concessa
3045 1511 3110 1564 ad
3165 1511 3330 1572 vitam
3386 1525 3473 1563 re-

241 1596 469 1661 Θάνατος
508 1600 792 1670 προδήλως
831 1603 986 1654 τοῦτό
1013 1605 1182 1666 ἐστιν,
1216 1604 1354 1656 ἀλλὰ
1391 1603 1643 1673 κοίμησις
1665 1645 1678 1667 ,
1715 1607 1808 1658 καὶ
1908 1623 1914 1667 ι

1801 1626 1808 1658 ι
1908 1602 2144 1671 gressio.
2177 1600 2409 1667 Quando
2462 1613 2642 1655 autem
2677 1611 2730 1655 et
2791 1604 3114 1666 moriamur,
3171 1602 3474 1669 iterumque

240 1691 379 1758 πρὸς
416 1690 513 1761 τὴν
533 1692 789 1762 δευτέραν
817 1693 960 1762 ζωὴν
989 1696 1243 1758 ἐπάνοδος
1263 1736 1277 1759 ,
1317 1695 1402 1748 διὰ
1433 1697 1530 1764 τῆς
1551 1697 1659 1749 τῶν
1685 1698 1808 1768 γητ-

241 1797 348 1834 νων
373 1783 670 1846 παντελοῦς
689 1784 1072 1847 ἀποπαύσεως,
1101 1786 1223 1846 τοὺς
1253 1786 1532 1853 μετιόντας
1555 1785 1803 1838 ἐντεῦθεν

240 1872 360 1925 ἐκεῖ
381 1873 692 1942 προάγουσα
723 1875 815 1926 καὶ
851 1879 1272 1943 προπέμπουσα.
1298 1854 1402 1932 iHv
1441 1878 1505 1948 δὴ
1542 1879 1806 1944 σαφέστε-

245 1976 335 2029 ρον
355 1963 383 2013 ό
405 1961 816 2032 Παροιμιαστὴς
833 1964 1236 2032 ἐνδεικνύμενος
1252 2005 1266 2028 ,
1297 1984 1313 2016 ι
1345 1966 1603 2030 Θάνατος,
1624 1967 1810 2036 φησιν,

241 2050 397 2120 ἀνδρὶ
432 2051 759 2116 ἀνάπαυσις.
801 2071 835 2130 »ί
861 2053 1182 2125 Συνέκλεισε
1212 2060 1319 2126 γὰρ
1347 2059 1374 2108 ό
1395 2047 1527 2119 Θεὸς
1567 2058 1684 2108 κατ’
1714 2057 1812 2110 αύ-

240 2140 357 2207 τοῦ,
380 2141 470 2194 τοῦ
502 2144 700 2212 μηκέτι
726 2145 1152 2215 τυχὸνὲνεργεῖν
1177 2147 1204 2198 ὃ
1231 2164 1282 2199 τι
1316 2145 1410 2208 καὶ
1445 2148 1675 2214 πέφυκε.
1701 2148 1813 2200 Θά-

242 2250 402 2296 νατος
423 2234 479 2287 δὲ
513 2236 566 2287 τί
597 2237 714 2287 ποτ’
744 2237 808 2288 ἂν
846 2236 974 2290 ἄλλο
1021 2241 1210 2299 νοοῖτο,
1248 2237 1280 2307 ἢ
1325 2238 1502 2308 ψυχῆς
1534 2239 1812 2308 χωρισμὸς

243 2324 352 2378 ἀπὸ
384 2325 656 2394 σώματος,
696 2326 793 2397 τὴν
835 2329 933 2397 μὲν
971 2329 1158 2381 ἐλπίδα
1205 2329 1304 2399 τῆς
1342 2331 1691 2392 ἀναστάσεως
1727 2331 1816 2384 διὰ

243 2415 344 2484 τῆς
370 2418 585 2471 τοιᾶσδε
613 2419 730 2489 τῶν,
747 2421 927 2490 μερῶν
952 2419 1298 2486 διαζεύξεωςί
1330 2419 1449 2476 εἶτα
1483 2423 1816 2494 συμπήξεως

246 2509 754 2582 προσκαλούμενος·
782 2513 881 2582 τὴν
911 2513 967 2565 εδ
997 2516 1078 2577 είς
1102 2514 1408 2585 ἀφθαρσίαν
1434 2519 1528 2568 καὶ
1559 2519 1636 2580 είς
1665 2518 1817 2585 λῆξιν

245 2604 345 2672 τὴν
361 2603 572 2672 ἀμείνω
595 2604 917 2673 μετάϐασιν,
945 2606 1031 2659 διὰ
1061 2607 1160 2675 τῆς
1182 2607 1399 2671 ἐλπίδος
1431 2609 1815 2678 πιστούμενος,

245 2697 342 2750 τοῦ
368 2697 570 2767 μηκέτι
594 2697 866 2750 δουλεύειν
897 2700 1043 2767 ἡμᾶς
1070 2701 1136 2767 τῇ
1170 2699 1435 2771 ἁμαρτίᾳ,
1467 2701 1608 2754 κατά
1637 2701 1734 2771 τὴν
1761 2705 1818 2755 ἐν

572 2807 596 2854 ς
659 2789 729 2844 τὰ
772 2790 1029 2862 ,αίσθητά
1096 2791 1339 2861 δηλονότι
1396 2793 1821 2863 ἐμπαθεστάτην

1912 1708 1940 1744 a
1977 1703 2154 1746 morte
2185 1693 2456 1754 vivamus,
2487 1707 2550 1746 ac
2592 1693 2760 1744 vitam
2814 1693 3119 1756 meliorem,
3179 1692 3356 1760 palam
3390 1698 3474 1744 est

1917 1797 2024 1834 non
2059 1783 2109 1835 id
2139 1791 2367 1835 mortem
2401 1797 2547 1845 esse,
2582 1781 2678 1836 sed
2729 1783 3138 1844 durmitionem,
3202 1781 3473 1856 atquelad

1919 1874 2082 1926 vitam
2137 1874 2364 1926 alteram
2425 1874 2818 1934 reversionem,
2868 1889 2992 1941 qum
3045 1873 3192 1926 onmi
3247 1872 3409 1924 modo
3444 1885 3474 1922 a

1911 1964 2148 2018 terrenis
2183 1965 2388 2033 quiete,
2421 1963 2553 2017 hinc
2587 1964 2885 2030 migrantes
2939 1964 3032 2017 illo
3090 1962 3354 2030 provehat
3395 1970 3476 2012 at-

1912 2072 2018 2125 que
2060 2058 2372 2126 praemittat.
2396 2055 2572 2122 Quam
2621 2071 2755 2110 sane
2787 2059 3031 2124 requiem
3065 2054 3272 2106 clarius
3301 2052 3474 2120 signi-

1913 2148 2086 2203 ficans
2131 2146 2552 2201 Proverbiorum
2605 2147 2846 2216 scriptor
2874 2147 2890 2214 (
2915 2145 2982 2198 72
3009 2144 3026 2211 )
3056 2185 3071 2208 ,
3122 2164 3138 2194 ι
3189 2143 3358 2205 Mors,
3395 2142 3479 2194 in-

1911 2242 2052 2309 quit,
2092 2242 2208 2294 viro
2243 2241 2462 2310 requies
2491 2247 2574 2293 est
2613 2239 2665 2285 ιο
2721 2238 2860 2292 {Eo
2890 2238 3034 2292 enim
3099 2236 3277 2305 adegit
3337 2235 3483 2288 Deus

1916 2330 2025 2401 (73
2050 2330 2089 2398 ),
2127 2337 2184 2382 ut
2212 2343 2283 2382 ne
2314 2328 2445 2397 quid
2480 2328 2615 2382 forte
2645 2313 2906 2396 operetur
2942 2341 3158 2386 eorum,
3187 2339 3309 2392 quae
3351 2331 3482 2376 nata

1915 2422 1987 2476 sit
2027 2420 2264 2490 operari.
2305 2419 2446 2484 Quid
2505 2427 2686 2473 autem
2722 2432 2873 2472 mors
2902 2417 3053 2470 aliud
3089 2415 3287 2469 habeat
3318 2413 3481 2468 intel-

1918 2513 2032 2582 ligi,
2075 2526 2240 2581 quam
2299 2511 2575 2579 separatio
2635 2510 2829 2563 animae
2870 2525 2934 2562 ac
2978 2508 3263 2576 corporis,
3323 2514 3381 2558 ιιι
3417 2519 3483 2558 ea

1919 2603 2153 2673 partium
2181 2601 2576 2670 disiunctione,
2607 2615 2670 2652 ac
2699 2599 3048 2667 postmodum
3074 2597 3482 2655 commissione,

1920 2711 2070 2766 spem
2098 2694 2314 2764 quidem
2340 2694 2764 2746 resurrectionis
2797 2699 3076 2758 provocet,
3103 2702 3307 2755 speque
3331 2696 3486 2739 tran-

1921 2789 2085 2842 situm
2126 2787 2177 2838 in
2231 2784 2700 2854 incorruptionem
2741 2797 2803 2833 ac
2834 2781 3113 2833 meliorem
3166 2785 3392 2835 sortem,
3432 2784 3488 2825 ιιι

1922 2893 1988 2932 ne
2020 2877 2256 2945 amplius
2287 2876 2591 2929 serviamus
2644 2882 2886 2942 peccato,
2921 2886 3019 2938 pro
3051 2870 3171 2920 vita:
3228 2866 3488 2919 nimirum

1921 2967 2162 3021 carnalis
2197 2965 2359 3018 rebus
2391 2963 2578 3018 sensui
2610 2960 2872 3030 subjectis
2902 2957 3293 3011 addictissimzc
3322 2953 3494 3006 ratio-

1923 3075 2012 3123 ne,
2047 3057 2290 3110 astruat?

321 3143 383 3196 El
418 3137 510 3195 οῦν
548 3142 707 3207 αὐτὸς
744 3144 772 3196 ό
807 3143 951 3215 ζωῆς
988 3147 1081 3198 καὶ
1116 3147 1347 3200 θανάτου
1385 3147 1610 3216 Κύριος,
1642 3148 1675 3216 ἠ
1710 3145 1821 3214 ζωὴ
1850 3172 1891 3230 c
1993 3176 1994 3179 η

1818 3171 1891 3230 ic
1993 3152 2127 3205 Cum
2163 3151 2331 3218 igitur
2377 3148 2493 3215 ipse
2525 3146 2648 3198 vitae.
2703 3151 3010 3210 mortisque
3064 3137 3350 3230 Dominus,
3385 3135 3491 3187 \‘ila

248 3235 355 3287 τῶν
392 3232 669 3300 ἀπάντων,
699 3240 731 3306 ἡ
765 3238 1058 3299 ἀνάστασις
1093 3239 1200 3291 τῶν
1234 3240 1676 3310 νενεκρωμένων,
1716 3258 1733 3290 ι
1763 3240 1824 3292 τὸ

251 3326 368 3393 φῶς
400 3326 495 3378 τοῦ
524 3328 752 3397 κόσμου,
799 3331 828 3382 ό
870 3330 947 3398 τῷ
989 3330 1176 3400 οἰκείῳ
1219 3330 1434 3399 θανάτῳ
1472 3332 1825 3402 καταργήσας

247 3420 341 3472 τὸν
368 3420 428 3470 τὸ
447 3420 664 3490 ’κράτος
697 3421 890 3489 ἔχοντα
921 3423 1013 3473 τοῦ
1049 3423 1278 3476 θανάτου
1299 3464 1314 3488 ,
1344 3442 1361 3473 ›
1391 3425 1491 3476 ούκ
1523 3422 1658 3493 ῷετο
1688 3424 1820 3488 δεῖν,

236 3511 354 3566 ὐπὸ
408 3511 816 3581 φιλανθρωπίας
867 3515 1284 3582 καμπτόμενος,
1353 3515 1472 3568 οὐδὲ
1534 3517 1687 3568 τόνδε
1736 3517 1826 3568 τὸν

249 3603 415 3672 νόμον
448 3604 826 3674 παραδραμεῖν
858 3606 1276 3678 άλειτούργητον
1297 3625 1310 3639 ο
1346 3607 1460 3660 ἀλλ’
1487 3609 1561 3671 ὼς
1592 3608 1658 3660 ἂν
1686 3608 1828 3661 κατά

252 3695 431 3748 πάντα
452 3697 582 3764 ἡμῖν
611 3698 872 3767 όμοιωθῇ,
900 3698 1046 3769 δείξῃ
1074 3717 1132 3751 τε
1166 3701 1371 3769 ταύτην
1401 3700 1717 3767 ἀναγκαίως
1747 3703 1826 3763 εἰς

249 3785 357 3855 γῆν
381 3787 710 3854 πεποιῆσθαι
740 3788 836 3858 τὴν
863 3790 1110 3853 κάθοδον,
1136 3794 1228 3843 καὶ
1252 3793 1412 3854 αὐτὸς
1435 3793 1566 3860 ἡμῖν
1597 3793 1686 3844 τὸν
1717 3793 1828 3844 ἴσον

251 3875 428 3931 εἵλετο
454 3869 673 3949 δεσμὸν,
708 3899 726 3931 ι
753 3882 1038 3952 πορευθεὶς
1072 3885 1130 3936 ἐν
1168 3885 1316 3953 μέσῳ
1349 3887 1505 3946 σκιᾶς
1529 3885 1784 3948 θανάτου,
1806 3905 1825 3937 ι

251 3971 395 4047 κατά
423 3971 485 4024 τὸ
509 3975 916 4042 γεγραμμένον.
954 3976 1047 4027 ἐπὶ
1080 3975 1227 4047 τρισί
1270 3992 1328 4028 τε
1374 3977 1608 4047 ἡμέραις
1652 3978 1830 4029 ἐνδια-

251 4045 452 4132 τρίψας
501 4068 583 4127 είς
624 4066 690 4117 τὰ
729 4067 1018 4120 κατώτατα
1056 4045 1194 4138 μέρη
1235 4067 1336 4137 τῆς
1382 4045 1506 4137 γῆς,
1556 4068 1684 4120 ἔνθα
1723 4067 1830 4121 τῶν

253 4155 356 4226 ἤδη
379 4155 651 4209 θανόντων
691 4158 748 4208 al
777 4158 947 4226 ψυχαὶ
979 4159 1404 4229 προκατείχοντο
1446 4162 1657 4229 σειραῖς
1687 4160 1828 4227 ἀφύ-

1923 3256 2330 3302 uutversorum,
2374 3239 2764 3292 dormientium
2828 3232 3182 3291 resurrectio,
3226 3247 3245 3278 ι
3286 3227 3494 3280 Lumen

1921 3335 2055 3392 illud
2087 3332 2273 3387 tnundi
2320 3329 2358 3389 ι,
2388 3351 2405 3382 ι
2430 3332 2475 3384 is
2514 3349 2530 3379 ι
2570 3329 2674 3394 Qui
2709 3335 2884 3381 morte
2923 3340 3044 3386 sua,
3094 3336 3219 3376 eum
3271 3320 3494 3374 deStru-

1923 3431 2113 3489 xisset,
2169 3428 2260 3495 qui
2320 3425 2512 3479 mortis
2542 3423 2833 3489 imperium
2901 3417 3135 3469 habebat
3176 3421 3268 3468 ³,)
3341 3409 3495 3462 inﬂe-

1925 3529 2106 3571 ctcnte
2136 3533 2233 3570 sua
2264 3517 2350 3567 illa
2379 3512 2750 3568 clementiaac
2780 3509 2834 3561 in
2861 3506 3146 3560 hominum
3174 3517 3346 3570 genus
3366 3513 3494 3567 pro-

1926 3610 2164 3678 pensiori
2193 3607 2397 3665 studio.
2433 3622 2532 3659 nec
2569 3603 2672 3656 sibi
2701 3603 2816 3670 ipse
2845 3594 3296 3652 committendum
3329 3601 3485 3658 puta-

1928 3706 2070 3757 verit
2097 3713 2154 3756 ιιι
2189 3719 2253 3755 ne
2281 3717 2340 3755 ea
2379 3716 2486 3752 non
2519 3697 2907 3764 defungeretur
2936 3693 3078 3758 lege,
3107 3687 3201 3742 sed
3240 3694 3297 3736 ut
3336 3683 3504 3737 nobis

1928 3813 2023 3866 per
2053 3795 2234 3849 omnia
2292 3785 2631 3846 assimilatus
2665 3789 2876 3840 huncce
2909 3785 3014 3838 sibi
3044 3799 3096 3834 ιιι
3142 3788 3345 3833 terram
3406 3777 3504 3829 de-

1931 3901 2212 3950 scensum,
2245 3882 2615 3938 necessarium
2670 3877 3005 3937 ostenderet,
3043 3882 3096 3927 ct
3128 3873 3369 3926 eamdem
3399 3868 3504 3922 sibi

1933 3980 2219 4036 nobiseum
2307 3976 2513 4029 salvam
2584 3972 2819 4025 voluerit
2865 3970 3002 4037 legis
3073 3964 3503 4019 districtionem,

1938 4091 1955 4123 ι
1992 4071 2278 4124 ambulans
2321 4068 2374 4120 in
2434 4065 2613 4118 medio
2672 4063 2881 4116 umbrae
2947 4057 3140 4110 mortis
3181 4064 3230 4118 “,
3296 4071 3314 4104 ι
3364 4053 3510 4105 sicut

1932 4163 2200 4230 scriptum
2232 4169 2338 4218 est,
2399 4157 2522 4210 dies
2557 4163 2670 4208 tres
2711 4159 2958 4204 moratus
2989 4150 3043 4200 in
3093 4144 3297 4198 inlimis
3349 4150 3510 4194 terra:

256 4265 406 4310 κτοις
449 4248 836 4318 σφιγγόμεναι,
880 4246 968 4312 αἷς
1009 4252 1103 4303 καὶ
1139 4251 1505 4320 εὐηγγελίσθη
1554 4254 1695 4305 κατὰ
1741 4253 1830 4304 τὸν

1931 4253 2202 4325 partibus,
2237 4266 2347 4321 quo
2375 4249 2494 4302 loco
2527 4243 3030 4315 praedefunctorum
3083 4239 3278 4291 anim-.e
3314 4236 3509 4289 ineno-

257 4340 527 4411 μακάριον
553 4341 795 4409 Πέτρονο
845 4360 862 4392 ι
910 4342 1020 4395 Καὶ
1053 4345 1165 4406 τοῖς
1200 4344 1256 4395 ἐν
1285 4342 1498 4414 φυλακῇ
1531 4345 1638 4414 γὰρ
1667 4344 1830 4396 πνεύ-
1868 4412 1885 4414 _

1935 4343 2211 4397 dabilibus
2253 4340 2582 4394 tenebantur
2637 4333 2952 4388 constrictae
3011 4327 3245 4387 catenis,
3309 4325 3511 4393 quibus

257 4447 395 4501 μασι
435 4432 722 4501 πορευθεὶς
759 4432 1031 4503 ἐκήρυξε·
1061 4453 1079 4486 ι
1126 4435 1241 4497 πῶς
1287 4437 1387 4488 οὐκ
1431 4412 1496 4488 ἂν
1542 4412 1624 4506 εἴη
1671 4435 1831 4488 τοῦτο
1865 4412 1907 4466 D

1865 4412 1907 4466 θ
1936 4438 2101 4493 etiam
2130 4431 2545 4503 evangelizavit,
2576 4430 2730 4498 juxta
2761 4425 2904 4495 quod
2941 4422 3136 4476 scribit
3186 4420 3380 4472 beatus
3410 4416 3511 4469 Pe.-

259 4525 429 4593 σαφὲς
451 4527 546 4578 καὶ
564 4525 841 4589 παντελῶς
871 4527 1284 4596 ἀναντίρρητον,
1314 4527 1388 4590 ὡς
1411 4530 1504 4580 καὶ
1534 4528 1628 4580 νῦν
1657 4529 1832 4582 ἀπάν-

1939 4535 2098 4582 tuus:
2139 4545 2157 4577 ι
2195 4525 2258 4578 Et
2289 4525 2372 4578 Itis
2401 4525 2496 4593 qui
2524 4524 2575 4574 in
2617 4534 2838 4576 carcere
2861 4523 3039 4574 erant,
3101 4511 3390 4581 spiritibus
3424 4523 3516 4560 ve-

257 4631 367 4667 των
411 4614 522 4666 τῶν
566 4614 890 4685 ἀνθρώπων,
926 4619 1020 4668 καὶ
1064 4619 1246 4684 μέντοι
1293 4619 1388 4670 καὶ
1434 4617 1543 4670 τῶν
1570 4619 1743 4686 ἁγίων
1777 4621 1833 4672 αί

1941 4621 2100 4674 niens
2129 4616 2442 4687 pradicavit
2472 4631 2515 4668 °.
2563 4634 2580 4666 ι
2617 4613 2778 4671 Cum.
2812 4615 3054 4677 inquam,
3080 4608 3154 4658 ita
3202 4604 3258 4655 in
3287 4600 3511 4654 Christo

255 4707 427 4776 ψυχαὶ
465 4707 558 4760 τὸν
610 4707 765 4777 ἀειδῆ
810 4709 975 4761 τόπον
1018 4710 1225 4762 ἐκεῖνον
1269 4709 1574 4780 διέρχονται
1614 4712 1732 4780 μὲν,
1773 4713 1835 4764 ού

1939 4712 2159 4774 habeat,
2195 4712 2287 4778 qui
2326 4724 2435 4762 non
2479 4706 2832 4775 perspicuutn
2869 4709 2940 4755 snt
2973 4713 3035 4752 ac
3098 4706 3254 4750 extra
3298 4707 3514 4745 omnem

334 4891 348 4928 ι
405 4879 572 4936 Hebr.
633 4895 696 4946 ll,
743 4883 830 4939 15.

939 4884 962 4923 ι
998 4882 1168 4939 Eccli.
1227 4900 1456 4951 xxxvnt,
1485 4884 1575 4940 Ἡ.

263 4960 292 4988 ο
328 4955 340 5005 ι
372 4951 516 5007 Petr.
564 4959 748 5016 “1,49.

1691 4881 2200 4950 ‘Joan.vm,li.
2315 4895 2348 4915 "
2413 4883 2578 4938 llebr.
2638 4902 2697 4945 ιι.
2770 4884 2855 4936 14.
2967 4881 3174 4935 οιέίιι.
3245 4896 3381 4944 xxtt,
3456 4878 3520 4931 4.

1536 5045 1770 5104 ἺΑΒΙΕ
1803 5050 2214 5107 LECTIONES.

319 5140 366 5174 ⁵⁵
397 5137 557 5193 Deest
581 5137 838 5195 θάνατον.

1590 5241 1976 5299 COIIBEFISII
2004 5243 2236 5301 NOTAE.

337 5336 448 5406 (Ε)
498 5336 906 5392 Proverbiontm
970 5344 1216 5409 scriptor.
1276 5339 1335 5391 Ὀ
1399 5337 1836 5409 Πσροιμιαστής.
1939 5341 2176 5395 lomonis
2207 5342 2444 5395 citentur
2472 5337 2596 5392 libri
2620 5351 2813 5390 omnes
2841 5335 3220 5409 sapientiales.
3244 5334 3528 5388 velutma-

261 5406 428 5462 Forte
455 5410 648 5482 Aalium
701 5411 878 5482 locum
907 5426 972 5464 ex
1012 5406 1463 5482 Proverbiisattt
1491 5406 1842 5482 Ecclesiaste
1941 5426 2101 5482 gnam
2130 5421 2336 5474 partem
2367 5426 2430 5462 ex
2461 5411 2526 5482 iis
2553 5425 2673 5476 qua:
2703 5409 2820 5478 ipse
2847 5407 3189 5476 scripsisset,
3211 5419 3532 5474 quanquam

266 5479 515 5545 respicit,
541 5489 601 5554 ut
633 5481 1320 5554 variantinillisplurima
1344 5478 1842 5554 lectionemultocus
1941 5478 2049 5536 alio
2084 5482 2367 5554 digerente
2394 5479 2656 5554 confecti.
2774 5549 2849 5554 __
2934 5547 3003 5554 η
3170 5551 3175 5554 Δ
3281 5546 3292 5554 _
3381 5545 3393 5554 _
3475 5543 3498 5554 ,

263 5565 424 5624 quem
450 5551 807 5624 ascripsimus
828 5545 1084 5624 margint'
1109 5567 1172 5624 ex
1209 5549 1338 5606 Jesu
1371 5550 1589 5624 Siraclt,
1613 5551 1703 5624 58,
1726 5566 1844 5603 om-
2012 5545 2242 5624 (75)Ἐο
2273 5550 2639 5624 enimadegit,
2670 5552 2784 5602 etcf
2813 5547 3137 5600 Συνέκλεισε
3170 5545 3532 5624 κατίαύτοῦ,

264 5617 398 5694 nino
437 5617 636 5694 similis
661 5629 745 5675 est
774 5639 786 5673 :
827 5621 916 5694 Ἑν
938 5617 1247 5694 ἀνα-παύσει
1274 5621 1469 5694 νεκροῦ
1490 5623 1845 5694 κατάπαυσον
1942 5617 2069 5677 τοῦ.·
2101 5617 2248 5677 Velut
2275 5617 2838 5694 conclttst't‘advermm
2868 5636 3009 5694 eam,
3037 5627 3115 5679 ut,
3141 5623 3278 5694 etc._,
3311 5617 3363 5694 in
3387 5629 3525 5667 con-

264 5691 327 5742 τδ
393 5692 733 5762 μνημόσυνον
795 5690 997 5744 αύτοῦο
1030 5691 1098 5745 In
1149 5693 1323 5762 requie
1372 5686 1589 5754 mortui,
1647 5707 1843 5759 nempe
1943 5695 2172 5750 trarium
2212 5695 2385 5747 versis
2422 5693 2544 5760 ejus
2586 5693 3068 5752 machinamentis,
3123 5686 3271 5756 quod
3323 5686 3386 5740 ita
3437 5697 3536 5738 εει

268 5771 478 5836 morte,
532 5764 796 5832 quiescere
839 5764 926 5832 {ac
968 5765 1292 5836 memoriam
1343 5763 1458 5836 ejus
1491 5778 1510 5814 :
1549 5778 1646 5836 nec
1703 5762 1842 5836 forte
1951 5765 2246 5836 quentibus
2280 5764 2523 5819 deducit.

266 5834 374 5887 alio
405 5831 652 5893 Andreas
681 5837 942 5905 respexit.
968 5833 1112 5889 Nihil
1143 5834 1288 5891 enim
1318 5834 1454 5889 novi
1473 5841 1531 5888 ut
1561 5834 1708 5890 velut
1742 5833 1841 5886 5.:-
