4236 6440
270 397 405 459 1057

1288 394 1369 452 ΙΝ
1406 393 1949 454 DORMITIONEM
1994 395 2053 455 S.
2088 396 2373 458 MARH'I.
2416 399 2469 456 I.

3381 402 3522 470 1058

257 510 558 581 ἀκηρύκτῳ
614 506 684 539 ⁸³·
725 507 876 575 φωνῇ
956 503 1329 574 διασημαίνων
1419 506 1489 557 τά
1570 505 1912 576 σύμϐολα.Α

1870 515 1912 570 Α
1944 509 2249 562 etiamnum
2277 509 2592 563 consistens
2606 507 2904 572 incolume,
2923 509 3223 580 irrequieta
3236 529 3372 574 voce
3402 521 3517 596 (75)

326 689 436 759 Τῆς
468 686 599 756 γοῦν
630 685 948 756 σωματικῆς
981 688 1036 738 ὲν
1059 683 1207 753 αὐτῷ
1254 683 1627 746 κατακλίσεως
1662 684 1834 753 ἀψευ-

253 781 500 835 denatat
537 782 831 852 μάρτυρες,
862 779 929 832 τά
968 781 1025 831 ὲν
1052 780 1120 849 τῇ
1147 779 1324 848 πέτρᾳ
1362 775 1700 847 κοιλώματα,
1735 776 1834 839 τὰς

255 876 361 928 τῶν
416 872 591 944 μελῶν
642 870 1099 942 ἱερογ’ραφοῦντες
1138 871 1437 940 εὐπρεπεῖς
1469 867 1829 931 ἐκτυπώσεις.

255 969 366 1021 Καὶ
401 965 613 1036 πρῶτος
639 967 667 1018 ὁ
702 965 1032 1033 χειμάρρους
1088 963 1295 1024 ἐκεῖνος
1351 961 1459 1014 τῶν
1491 960 1735 1029 Κεδρὼν,
1790 951 1834 1027 ᾦ

252 1059 424 1112 ταῦτα
446 1057 696 1127 διαμπάξ
727 1054 1206 1126 ὲμπεριείληπται,
1234 1051 1833 1122 σαλπίζειδιαπρυσίως

252 1151 320 1204 τά
349 1150 624 1219 θαύματα.
665 1146 731 1199 Ἥ
784 1144 992 1210 κοιλὰς,
1051 1145 1215 1214 φημὶ,
1247 1141 1340 1194 τοῦ
1373 1141 1741 1208 Κλαυθμῶνος
1764 1142 1832 1204 ⁵⁸,

254 1240 374 1294 καθ’
428 1241 492 1310 ἣν
535 1241 563 1291 ὁ
603 1237 772 1305 τάφος
807 1235 1017 1306 ἵδρυται
1068 1232 1163 1286 τοῦ
1235 1233 1501 1299 Ἰωσαφάτ
1567 1231 1835 1301 βασιλέως

266 1333 457 1392 Ἰούδα,
487 1333 543 1384 ὲν
592 1324 636 1397 ᾧ
660 1330 722 1382 τὸ
757 1327 1027 1398 μακάριον
1062 1327 1236 1378 ἐκεῖνο
1260 1326 1320 1377 τὸ
1348 1323 1520 1387 πάθος
1563 1325 1659 1376 τοῦ
1691 1325 1835 1376 άπα-

254 1422 378 1485 θοῦς
410 1420 680 1490 ἐλάμϐανε
712 1419 781 1471 τά
816 1417 1103 1487 προοίμια.
1148 1417 1298 1468 Ἐκεῖ
1338 1417 1448 1484 γάρ
1481 1413 1686 1482 θαμινά
1721 1415 1834 1475 τοῖς

258 1513 528 1584 μαθηταῖς
575 1515 602 1565 ὁ
636 1510 825 1580 Σωτὴρ
871 1507 1244 1579 συνηυλίζετο.
1289 1507 1436 1560 Ἐκεῖ
1489 1504 1836 1576 προσηύξατο

255 1607 368 1668 θεὶς
399 1607 464 1658 τά
501 1605 707 1672 γόνατα
738 1603 876 1672 πρὸς
919 1600 1012 1655 τὸν
1063 1603 1121 1653 ὲν
1165 1601 1418 1668 οὐρανοῖς
1464 1598 1707 1667 Πατέρα,
1739 1597 1833 1650 τοῦ

255 1693 594 1766 ἐπιθυμητοῦ
628 1693 890 1762 ποτηρίου
921 1695 1040 1745 κατ’
1064 1692 1380 1760 οἰκονομίαν
1397 1690 1634 1760 ἄρρητον
1656 1687 1837 1741 ποιού-

257 1804 416 1857 μενος
448 1787 546 1856 τὴν
599 1786 952 1854 παραίτησιν.
997 1782 1144 1836 Ἐκεῖ
1170 1781 1249 1852 τῷ
1282 1781 1516 1850 προδότῃ
1556 1779 1832 1849 φιλωθεὶς,

254 1850 470 1939 ἓκδοτος
495 1850 607 1939 τοῖς
665 1850 970 1937 θεοκτδνοις
1003 1850 1318 1942 γεγένηται.
1371 1874 1482 1925 Καὶ
1522 1871 1698 1926 ταῦτα
1743 1870 1834 1924 διὰ
1866 1850 1907 1904 Β

255 1969 452 2038 πείρας
478 1966 704 2037 μάθοιεν
730 1964 1095 2033 ἀληθέστερον
1120 1965 1168 2016 οι
1203 1965 1293 2017 ἐπὶ
1320 1962 1503 2033 χώρας
1529 1962 1828 2032 γινόμενοι.

265 2060 325 2114 '0
353 2059 446 2114 οὖν
477 2060 704 2121 ἄπιστος
745 2056 944 2122 ἀπίτω,
991 2056 1088 2108 καὶ
1121 2054 1440 2125 μανθανέτω
1475 2053 1544 2106 δι’
1568 2051 1832 2121 αὐτοψίας

251 2153 361 2206 τῶν
389 2153 699 2222 λεγομένων
724 2150 823 2220 τὴν
851 2149 1078 2216 δύναμιν
1097 2163 1110 2176 ·
1141 2149 1170 2201 ὁ
1200 2148 1389 2210 πιστὸς
1416 2144 1688 2216 ἀρκείσθω
1718 2147 1832 2208 τοῖς

255 2244 588 2314 λεγομένοις,
625 2240 721 2295 καὶ¹
743 2243 1081 2295 κατανοείτω
1109 2240 1197 2292 διά
1232 2238 1339 2291 τῶν
1371 2238 1715 2306 φαινομένων
1761 2235 1832 2290 τά

257 2339 333 2408 μὴ
360 2335 634 2407 ὁρώμενα,
668 2333 760 2386 καὶ
784 2331 1112 2402 θαυμαζέτω
1139 2330 1207 2383 τά
1225 2328 1506 2400 θαύματος
1525 2329 1668 2393 ἄξια.
1688 2326 1830 2380 Ἀλλ’

254 2429 290 2497 ἡ
322 2427 419 2496 μὲν
452 2426 596 2495 ταφὴ
649 2423 872 2493 τοιαύτη
904 2423 998 2476 καὶ
1055 2419 1225 2483 οὓτως
1273 2420 1491 2490 ἔχουσα.
1545 2419 1602 2472 '0
1643 2418 1700 2472 δὲ
1731 2421 1831 2488 τῆς

258 2518 643 2589 μεταστάσεως
693 2516 917 2584 τρόπος,
966 2513 1015 2565 εἰ
1051 2513 1145 2565 καὶ
1186 2512 1361 2574 κοινὸς
1401 2512 1537 2581 πρὸς
1564 2510 1829 2577 ἅπαντας,

252 2613 368 2665 ἀλλ’
396 2610 540 2662 ἐστιν
586 2608 738 2676 αὐτῷ
763 2607 856 2659 καὶ
883 2605 1084 2669 ἰδιάζον
1109 2604 1349 2672 ἀξίωμα,
1395 2603 1455 2655 τὸ
1488 2602 1676 2672 περιὸν
1709 2602 1831 2671 ἔχον

256 2707 393 2770 πρὸς
423 2701 513 2752 τὸν
541 2698 662 2752 καθ’
696 2700 942 2750 ἕκαστον.
981 2697 1043 2749 Ἠ
1060 2695 1118 2748 δέ
1144 2712 1226 2746 τοι
1262 2693 1548 2762 μετάθεσις
1571 2693 1832 2763 κρείττων

257 2794 357 2861 μὲν
380 2793 538 2860 λόγου
572 2793 665 2844 καὶ
693 2787 1030 2857 ἀκοῆς,πλὴν
1066 2789 1128 2838 ὲκ
1159 2785 1403 2840 παλαιῶν
1427 2785 1623 2854 ἔχουσα
1653 2802 1833 2854 παρα-

253 2884 562 2953 δειγμάτων
621 2881 719 2949 τὴν
748 2880 1002 2949 μίμησιν.
1052 2877 1147 2940 Τίς
1176 2877 1232 2929 δὲ
1260 2879 1287 2929 ὁ
1312 2879 1409 2945 τῆς
1437 2876 1832 2938 καταπαύσεως

256 2982 455 3043 τόποςς
490 2974 618 3047 ’Ἆρ’
650 2976 901 3046 αἰσθήσει
958 2973 1181 3043 ληπτὺς,
1227 2972 1259 3041 ἢ
1290 2971 1499 3040 διανοίᾳ
1542 2971 1786 3042 χωρητός
1816 2990 1830 3036 ;

255 3069 554 3141 Ούμενοῦν.
591 3069 712 3128 Πῶς
741 3068 850 3137 γὰρ
891 3067 956 3120 ἂν
986 3065 1180 3134 ὁρῷτο,
1209 3065 1299 3115 καὶ
1333 3063 1484 3132 παρά
1510 3063 1617 3114 τίσι
1639 3065 1828 3124 νοοῖτο,

1941 603 2325 658 tumulationis
2360 620 2493 658 meae
2524 605 2773 675 symbola
2804 616 3230 673 commonstrat,

2008 692 2170 758 Quod
2211 710 2343 748 sane
2376 695 2429 747 in
2458 710 2525 749 eo
2551 710 2781 762 corpore
2811 695 3201 763 decubuerim,
3237 703 3516 760 verissimi

1939 791 2110 838 testes
2139 794 2268 838 sunt
2306 787 2576 840 cavitates
2613 786 2740 852 illae,
2775 805 2899 856 quae
2939 788 3174 846 decoras
3227 809 3515 850 sacrorqu

1938 876 2312 932 membrorum
2347 878 2780 935 deformationes
2814 882 2867 934 in
2905 891 3056 950 petra
3091 898 3515 953 repraesentant.

1940 965 2275 1038 Primusque
2318 978 2539 1024 torrens
2571 971 2664 1025 ille
2703 971 2944 1036 Cedron,
2976 990 3087 1043 quo
3121 977 3236 1031 haec
3270 980 3517 1048 undique

1939 1073 2073 1129 gyro
2122 1059 2480 1122 clauduntur,
2530 1061 2680 1114 clara
2732 1056 2832 1116 ceu
2871 1063 3017 1117 tubae
3061 1080 3196 1119 voce
3245 1068 3516 1122 miracula

1937 1152 2217 1220 praedicat.
2256 1152 2397 1218 Quo,
2438 1152 2683 1218 inquam,
2722 1153 2886 1207 vallis
2933 1153 3318 1212 Clautbmonis
3373 1158 3512 1229 (76),

1939 1241 1992 1295 iu
2017 1259 2126 1312 qua
2173 1245 2343 1299 situm
2378 1254 2463 1299 est
2497 1246 2816 1314 sepulcrum
2863 1243 3134 1314 Josaphat
3165 1250 3314 1318 regis
3342 1249 3511 1314 Juda,

1939 1331 2029 1386 ubi
2081 1331 2240 1386 beata
2289 1332 2438 1386 illius
2467 1333 2678 1401 passio.
2719 1333 2812 1402 qui
2858 1349 2888 1386 a
2944 1336 3202 1403 passione
3253 1339 3515 1393 immunis

1937 1422 2310 1490 est,'sumpsit
2339 1423 2594 1477 exordia.
2629 1423 2746 1476 Illic
2778 1423 2925 1476 enim
2966 1424 3222 1480 Salvator
3251 1427 3514 1497 frequens

1936 1514 2266 1568 versabatur
2297 1530 2422 1568 cum
2468 1513 2761 1582 discipulis
2802 1516 2920 1570 suis
2948 1530 2995 1569 ι.
3036 1518 3152 1572 Illic
3183 1521 3379 1587 positis
3411 1538 3512 1591 ge-

1938 1605 2102 1660 nibus
2139 1604 2356 1660 Patrem
2390 1614 2656 1674 precatus
2687 1605 2779 1674 qui
2815 1615 2902 1662 est
2932 1609 2986 1662 in
3022 1612 3203 1674 caelis,
3247 1613 3513 1668 ineffabili

1937 1696 2351 1766 dispensatione
2374 1696 2776 1766 deprecabatur
2795 1697 3173 1753 desideratum
3198 1702 3430 1757 cali‘cem
3454 1711 3508 1758 γ.

1940 1788 2055 1842 lllic
2097 1788 2382 1857 proditore
2427 1788 2612 1858 specie
2647 1790 2908 1844 amicitiae
2944 1793 3197 1845 osculum
3251 1793 3514 1863 inligente

1934 1880 2166 1935 deicidis
2202 1881 2435 1935 traditus
2465 1889 2547 1934 est
2582 1890 2627 1935 ι.
2656 1881 2737 1934 Ac
2759 1896 2874 1934 rem
2899 1884 3108 1937 certius
3131 1884 3517 1952 experimento

1934 1971 2214 2033 noverint,
2246 1972 2337 2040 qui
2376 1970 2584 2023 fuerint
2616 1970 2668 2024 in
2695 1985 2759 2024 ea
2791 1971 3034 2041 regione.
3073 1970 3175 2038 Qui
3209 1975 3394 2041 itaque
3428 1975 3512 2027 in-

1935 2060 2197 2115 credulus
2235 2070 2338 2124 est,
2387 2060 2566 2123 abeat,
2616 2060 2850 2130 ipsoque
2899 2075 3088 2114 coram
3142 2062 3262 2115 visu
3318 2077 3512 2116 eorum

1934 2164 2058 2219 quae
2104 2149 2344 2204 dicimus
2399 2150 2507 2203 vim
2541 2158 2851 2216 agnoscat:
2910 2149 3086 2204 lidelis
3130 2159 3313 2205 autem
3346 2152 3514 2206 dictis

1935 2247 2252 2302 contentus,
2311 2238 2478 2294 exiis
2518 2253 2642 2308 qua:
2689 2239 2990 2308 conspicua
3026 2249 3180 2301 sunt,
3233 2257 3356 2308 quae
3403 2257 3516 2296 non

1935 2330 2191 2384 videntur
2218 2329 2541 2400 perspiciat,
2587 2344 2784 2396 resque
2811 2331 3004 2399 plenas
3032 2331 3304 2386 miraculo
3329 2332 3513 2386 admi-

1937 2421 2146 2476 rationi
2186 2421 2414 2476 babeat.
2479 2420 2774 2474 Enimvero
2811 2421 2934 2475 talis
2969 2421 3193 2490 quidem
3225 2425 3516 2492 sepultura

1933 2521 2042 2576 est,
2077 2529 2316 2584 eumque
2365 2513 2588 2566 modum
2634 2513 2869 2567 habens.
2903 2513 2972 2566 At
3013 2516 3158 2566 ratio
3215 2516 3514 2581 transitus,

1936 2619 2251 2675 quanquam
2290 2606 2355 2656 ad
2407 2619 2601 2657 onmes
2647 2604 2983 2667 communis,
3021 2603 3186 2658 habet
3225 2605 3509 2659 nihilomi-

1935 2715 2040 2753 nus
2069 2696 2436 2766 prazcellentia
2474 2695 2820 2765 singulorum
2849 2697 3128 2765 propriam
3159 2696 3507 2765 dignitatem.

1936 2789 2110 2843 Porro
2144 2796 2368 2859 superat
2403 2786 2627 2855 quidem
2659 2786 2931 2840 transitus
2959 2786 3063 2841 iste
3094 2787 3206 2840 vim
3236 2787 3512 2842 sermonis

1937 2883 2292 2952 auditusque,
2325 2883 2405 2936 sic
2439 2891 2621 2936 tamen
2668 2887 2725 2934 ut
2755 2881 3005 2950 exempla
3045 2889 3228 2935 vetera
3263 2881 3512 2936 imitetur

1936 2988 2000 3026 ac
2049 2973 2274 3028 referat.
2334 2971 2531 3026 Verum
2564 2971 2690 3042 quis
2741 2973 2898 3027 locus
2940 2970 3512 3040 requietiouisiSen-

1937 3080 2074 3118 sune
2115 3065 2290 3133 possit
2321 3063 2734 3132 comprehendi,
2773 3079 2840 3116 an
2892 3075 3072 3117 mente
3101 3065 3260 3134 capi?
3289 3065 3510 3122 Minimo

259 3165 335 3233 μὴ
365 3159 644 3232 πεφυκὼς,
679 3159 817 3229 πλὴν
839 3161 885 3210 εί
922 3159 996 3226 μὴ
1032 3157 1100 3208 δι’
1140 3155 1410 3216 ἀπαθείας
1456 3155 1576 3206 κατ’
1611 3155 1832 3223 ἀπειρὸ-
1861 3185 1902 3242 C

1861 3185 1902 3242 ο
1939 3169 2092 3208 sane.
2124 3153 2227 3218 Qui
2261 3154 2405 3206 enim
2436 3153 2712 3217 videatur,
2745 3161 2840 3205 aut
2873 3168 2901 3206 a
2931 3153 3134 3223 quibus
3166 3155 3354 3208 animo
3381 3170 3509 3210 con-

254 3255 427 3325 δωρον
457 3254 617 3324 χάριν
669 3251 759 3302 τὸν
800 3249 925 3319 τῇδε
981 3247 1220 3316 φθάσασι
1248 3238 1446 3315 χῶρον,
1496 3245 1717 3313 καὶτῆς
1749 3248 1834 3298 ὲν-

253 3345 446 3398 ταυθοῖ
476 3340 740 3404 θεοειδοῦς
775 3340 1156 3400 καταστάσεως
1201 3339 1410 3407 τρυφῆς
1463 3336 1829 3403 ἠξιωμένοιςς

255 3435 292 3514 ᾖ
349 3455 512 3507 φησιν
550 3439 576 3489 ὁ
603 3436 734 3505 ἐμὸς
781 3434 1083 3502 προπάτωρ
1112 3431 1305 3484 Δαϐίδο
1347 3447 1365 3481 ι
1416 3430 1503 3482 Ἑν
1528 3430 1676 3499 τόπῳ
1703 3446 1835 3499 σκη-

254 3533 355 3602 νῆς
383 3532 726 3600 θαυμαστῆς,
775 3529 878 3589 ἕως
905 3525 998 3578 τοῦ
1033 3526 1183 3577 οἴκου
1225 3522 1316 3576 τοῦ
1351 3522 1510 3576 Θεοῦ.
1561 3522 1649 3574 Ἐν
1679 3523 1830 3593 φωνῇ

254 3622 633 3689 ἀγαλλιάσεως
695 3619 789 3672 καὶ
851 3615 1292 3686 ὲξομολογήσεως
1346 3614 1481 3683 ἤχου
1545 3611 1831 3682 ἑορταζόν-

253 3731 388 3768 των.
429 3741 446 3766 ο

329 3887 566 3942 Τοιαῦτα
615 3887 713 3957 μὲν
745 3886 778 3956 ἡ
809 3884 1091 3946 Θεοτόκος,
1120 3876 1187 3955 ἦς
1223 3880 1331 3934 ἀπὸ
1355 3878 1610 3949 γλώσσης
1643 3880 1671 3930 ὁ
1701 3875 1830 3945 γλυ-

255 3981 466 4049 κασμδς
497 3977 793 4041 ἀποστάζει
820 3975 911 4029 τοῦ
955 3973 1284 4042 πνεύματος,
1323 3991 1341 4022 ‹
1379 3970 1473 4022 καὶ
1504 3971 1536 4039 ἡ
1564 3970 1721 4040 χάρις
1775 3969 1833 4019 ὲν

254 4073 461 4142 χείλεσι
486 4074 729 4141 κέχυται.
751 4090 766 4120 ι
801 4069 978 4138 Ἠμᾶς
1005 4067 1060 4119 δὲ
1088 4067 1139 4118 τί
1169 4067 1247 4118 δεῖ
1276 4068 1409 4132 πρὸς
1434 4063 1608 4115 ταῦτα
1634 4063 1829 4124 εἰπεῖν,

254 4165 496 4229 ἀδελφοὶ,
529 4164 560 4232 ἦ
612 4162 892 4230 θαυμάσαι
937 4161 1037 4228 τὴν
1067 4155 1475 4227 ἁπειρομεγέθη
1521 4156 1614 4208 καὶ
1645 4153 1713 4206 τά
1738 4154 1836 4206 ὅλα

256 4255 548 4320 πανσόςως
580 4253 871 4305 διέπουσαν
906 4251 1170 4321 Πρόνοιαν
1190 4291 1205 4312 ,
1241 4266 1259 4298 ι
1293 4244 1362 4300 Ὦ
1390 4247 1551 4317 βάθος
1580 4245 1833 4305 πλούτου,

253 4348 533 4416 λέγοντας,
571 4345 668 4398 καὶ
700 4345 914 4412 σοφίας,
945 4344 1040 4395 καὶ
1066 4341 1320 4410 γνώσεως
1350 4337 1484 4390 Θεοῦ
1509 4340 1521 4391 l
1559 4337 1644 4398 Ὠς
1673 4335 1833 4399 ἀνεξ-

253 4438 522 4509 ερεύνητα
570 4437 637 4489 τά
696 4437 939 4506 κρίματα
973 4432 1159 4496 αὐτοῦ,
1193 4434 1286 4484 καὶ
1334 4429 1731 4499 ἀνεξιχνίαστοι
1779 4429 1833 4480 αἱ

1936 3243 2203 3311 cipiatur?
2238 3242 2339 3308 Qui
2374 3245 2476 3297 nisi
2520 3244 2609 3305 iis,
2643 3243 2734 3312 qui
2766 3243 3036 3298 immensa
3066 3244 3300 3311 quadam
3331 3245 3509 3315 gratia

1933 3333 2322 3388 aﬂ‘ectionibus
2377 3333 2558 3396 vacui,
2611 3335 2677 3386 ad
2714 3348 2840 3386 eum
2890 3334 3071 3387 locum
3110 3344 3506 3404 pervenerunt,

1933 3426 2138 3496 quique
2166 3425 2455 3479 deiformis
2485 3426 2638 3479 illius
2673 3433 2857 3482 status
2889 3425 3106 3480 deliciis
3140 3425 3248 3481 frui
3283 3442 3508 3483 merue-

1933 3527 2080 3583 runt,
2111 3519 2292 3573 animo
2324 3515 2574 3586 conspici
2615 3517 3045 3585 haudquaquam
3072 3519 3271 3587 possit.
3301 3518 3509 3586 Quem-

1932 3611 2228 3665 admodum
2269 3610 2346 3663 ait
2375 3623 2514 3662 avus
2561 3623 2716 3662 meus
2751 3607 2964 3662 David:
3003 3626 3022 3659 ι
3064 3607 3123 3662 In
3169 3609 3290 3662 loco
3320 3610 3507 3664 taber-

1923 3700 2103 3754 naculi
2127 3699 2455 3754 admirabilis
2489 3714 2668 3768 usque
2721 3697 2788 3752 ad
2825 3696 3047 3751 domum
3098 3697 3213 3753 Dei.
3266 3697 3324 3752 ln
3374 3715 3510 3756 voce

1931 3791 2318 3848 exsultationis
2346 3799 2400 3844 et
2439 3789 2811 3845 confessionis
2842 3803 3014 3843 sonus
3041 3789 3390 3858 epulantium
3421 3801 3503 3843 ιιι

2008 3882 2098 3938 Sic
2128 3881 2347 3952 quidem
2377 3880 2468 3935 Dei
2515 3880 2792 3942 Genitrix,
2825 3888 2881 3934 et
2917 3880 3077 3949 cujus
3112 3881 3299 3949 lingua
3323 3881 3511 3934 distil-

1935 3977 2010 4030 lat
2060 3975 2296 4030 dulcedo
2348 3975 2627 4043 spiritus:
2673 3981 2728 4027 et
2759 3991 2776 4024 ι
2822 3973 2877 4027 in
2931 3971 3092 4038 cujus
3136 3972 3301 4027 labiis
3332 3974 3511 4043 gratia

1936 4069 2135 4124 diffusa
2169 4077 2252 4122 est
2287 4067 2334 4119 δ.
2372 4086 2389 4117 ι
2420 4066 2532 4120 Noe
2564 4073 2770 4128 autem,
2809 4065 3030 4123 fratres.
3067 4066 3195 4133 quid
3229 4065 3414 4120 dicere
3445 4066 3513 4120 ad

1939 4160 2051 4212 bare
2093 4167 2335 4228 Oportet,
2374 4158 2480 4210 nisi
2527 4165 2586 4209 ut
2625 4156 2995 4210 admiratione
3024 4171 3359 4210 veneremur
3406 4154 3515 4210 im-

1937 4261 2186 4299 mensum
2209 4259 2458 4312 magnam
2489 4244 2855 4312 universaque
2889 4244 3302 4311 sapientissime
3320 4245 3511 4313 dispo-

1948 4347 2165 4389 nentem
2189 4333 2840 4403 providentiamdicentes
2869 4352 2922 4388 ιι
2945 4332 2990 4388 0
3017 4335 3250 4388 altitudo
3278 4335 3500 4389 divitia-

1939 4443 2058 4479 rum
2103 4424 2394 4494 sapicntiae
2417 4431 2472 4476 et
2495 4426 2742 4478 scientiae
2782 4423 2876 4478 Dei
2899 4426 2911 4478 l
2934 4440 3098 4494 quam
3121 4425 3510 4479 inscrutabilia

252 4532 366 4586 ὁδοὶ
399 4528 603 4582 αύτοῦι
645 4547 662 4579 ι
727 4529 823 4581 καὶ
853 4529 951 4581 ὅσα
975 4527 1101 4594 ἑξῆς
1151 4523 1244 4577 τοῦ
1293 4523 1476 4591 λόγου.
1533 4521 1694 4584 Θείας
1724 4521 1832 4589 γάρ
1866 4525 1908 4579 D

1866 4525 1908 4579 D
1938 4522 2067 4572 sunt
2086 4516 2296 4584 judicia
2319 4515 2461 4584 ejus,
2482 4525 2532 4569 et
2568 4516 3105 4586 impervestigabilcs
3133 4517 3234 4571 vias
3256 4517 3378 4586 ejus
3404 4526 3428 4556 ο
3456 4518 3508 4572 Ι»

334 4720 358 4746 ι
384 4703 543 4758 Joan.
583 4719 742 4768 mn,
797 4705 853 4756 2.
929 4712 958 4751 7
993 4701 1187 4755 Matth.
1249 4716 1398 4765 xui,
1437 4697 1524 4752 39.

297 4792 375 4838 ιι,
419 4775 512 4837 ⁸5⁸5,
576 4774 669 4828 54.

1633 4706 1654 4732 ⁸
1688 4695 1822 4750 ibid.
1859 4695 1952 4750 49.

2053 4704 2072 4725 ·
2104 4693 2245 4750 Psal.
2306 4707 2415 4757 xu,
2447 4691 2500 4754 5,
2558 4689 2612 4745 6.
2688 4694 2718 4734 δ
2751 4693 2900 4751 Psal.
2942 4709 3088 4757 mv,
3135 4693 3190 4748 5.
3264 4693 3287 4722 '
3340 4689 3508 4752 Rom.

1545 4830 1779 4886 VARUE
1813 4830 2215 4886 LECTIONES.

361 4955 793 5027 W'Ax-quxttp,
825 4951 1013 5017 tacita,
1048 4958 1278 5006 secreta.

1388 4950 1431 4981 ⁸⁸
1457 4947 1639 5000 Κλαυο
1649 4947 1786 5018 μών,
1819 4949 1998 5004 fletus.

1552 5100 1941 5156 COMBEFISII
1978 5100 2206 5166 ΝΟΤιΕ,

333 5207 443 5273 (75)
486 5204 778 5272 Irrcquicta
811 5218 950 5256 voce.
999 5199 1318 5273 Ἀκηρύκτῳ
1349 5197 1521 5267 φωνῇ.
1551 5197 1702 5273 Velut
1734 5196 1834 5273 du-

259 5265 348 5332 cta
385 5265 697 5344 metaphora
724 5290 750 5324 a
783 5274 946 5331 bello.
994 5265 1522 5344 tjttrid'_&xﬁpu1f.vov,
1550 5283 1656 5319 non
1691 5265 1834 5344 indi-

257 5361 433 5406 ctum,
467 5338 826 5412 ac'prmt-onis
855 5357 984 5394 voce
1014 5338 1067 5394 et
1096 5341 1326 5412 solemni
1362 5339 1467 5390 ritu
1493 5353 1556 5390 ex
1592 5338 1832 5412 gentium

256 5422 381 5488 jnic
416 5408 795 5488 σΙῖξΙιΙΙΙιΙίιιιιιιιι
827 5453 858 5488 ,ἓ
905 5411 1439 5488 trucnlentissimum
1493 5423 1634 5488 esse
1674 5408 1831 5488 solet.

259 5477 324 5541 Ξιε
361 5486 727 5553 implacabile,
783 5477 926 5535 velut
957 5483 1019 5553 ad
1053 5480 1503 5553 internecitmem.
1544 5477 1637 5530 γει
1670 5478 1832 5529 etiam

259 5551 598 5612 [ιι-νιιιιιιιιιιι
628 5561 790 5620 atque
839 5554 917 5608 τὸ.
953 5551 1256 5620 ἁλαλῂτως,

333 5627 444 5694 (76)
468 5626 602 5687 Quo.
629 5614 864 5688 inquam.
899 5627 1050 5674 rullrs
1070 5614 1832 5694 Claui/[monis_Retinuimus

259 5686 458 5750 nomen
491 5686 625 5746 illud
664 5686 788 5744 ι·ιιιιι
830 5696 1122 5759 interprete
1163 5688 1323 5749 LXX,
1362 5692 1412 5740 in
1463 5686 1641 5739 Jntlic.
1687 5702 1740 5742 ιι,
1777 5695 1829 5737 et

261 5766 303 5819 ll
345 5767 471 5832 lteg.
529 5780 577 5815 ν.
633 5763 825 5816 Posset
866 5779 987 5815 eum
1041 5761 1368 5829 Hieronymo
1420 5760 1556 5832 psal.
1600 5772 1826 5812 num.

259 5831 622 5892 reddil'allis
666 5833 839 5902 ﬂetus.
889 5832 1004 5886 Non
1062 5846 1252 5885 omnes
1280 5831 1651 5893 consentiunt,
1707 5841 1829 5880 esse

1941 5195 2082 5248 hanc
2120 5193 2336 5258 vallem,
2395 5193 2589 5247 vallem
2635 5189 2928 5260 Josaphat.
2989 5204 3095 5260 qua
3130 5188 3198 5244 de
3253 5203 3315 5260 re
3352 5188 3513 5259 plura

1938 5265 2182 5332 disputat
2239 5256 2461 5316 Bonfret
2487 5262 2668 5315 Judic.
2712 5256 2782 5316 ιι.’
2819 5264 2890 5313 Ue
2921 5256 3209 5332 valleitem
3245 5256 3514 5328 Josapbat

1940 5329 2092 5402 plura
2115 5332 2332 5402 Adricb.
2361 5334 2600 5386 'I‘heatt‘o
2621 5341 2780 5385 terra:
2795 5341 3016 5402 sancire.
3039 5329 3327 5402 Quaresm.
3348 5333 3513 5402 etiam

1921 5399 2070 5458 .iom.
2103 5405 2140 5455 Il
2170 5401 2440 5455 Elite-idat.
2472 5414 2625 5455 terra:
2651 5410 2867 5455 sancta.
2905 5399 3003 5452 Ubi
3033 5399 3197 5451 etiam
3233 5400 3299 5451 de
3333 5401 3517 5467 sepul—

1938 5489 2033 5525 cro
2066 5473 2324 5538 Josapbat
2356 5474 2406 5524 in
2439 5489 2500 5524 ea
2543 5473 2681 5524 valle
2707 5513 2718 5529 .
2756 5469 2901 5538 quod
2945 5477 3140 5522 auctor
3177 5469 3263 5520 hic
3303 5484 3516 5523 memo-

1942 5553 2022 5595 rat
2062 5563 2073 5595 :
2108 5559 2170 5595 ac
2207 5545 2340 5595 bene
2378 5542 2620 5595 ostendit
2655 5557 2761 5594 non
2799 5541 2972 5593 fuisse
3005 5542 3056 5592 in
3093 5553 3157 5591 eo
3183 5538 3516 5592 tumulatum

1942 5630 2118 5682 regem
2142 5611 2426 5680 .Insapliat.
2463 5614 2790 5664 reclamante
2837 5609 3120 5678 Scriptura
3147 5624 3161 5673 ;
3190 5617 3351 5682 atque
3380 5611 3519 5682 adeo

1939 5677 2159 5736 aliunde
2193 5677 2387 5735 nomen
2415 5686 2663 5735 sortitam
2693 5697 2810 5732 eam
2850 5677 3063 5744 vallem,
3095 5693 3257 5746 quam
3293 5677 3361 5746 ab
3392 5678 3518 5744 ejus

1938 5756 2237 5821 sepultura:
2280 5754 2437 5811 forte.
2479 5755 2548 5820 ab
2593 5752 2825 5804 :cdilicio
2860 5751 3068 5817 aliquo,
3114 5745 3208 5802 Vel
3242 5761 3272 5800 a
3299 5745 3516 5818 judicio

1935 5825 2078 5893 quod
2125 5826 2234 5877 illzc
2266 5825 2314 5875 in
2349 5823 2666 5876 idololatras
2698 5822 2964 5885 exercuit,
2999 5829 3108 5874 etc.
