4236 6440
291 417 430 485 1065

1328 415 1409 474 1N
1451 399 1999 474 bonm'rioxmi
2147 401 2436 470 manu.
2477 411 2527 469 Ι.

3425 407 3560 469 1066

291 531 674 604 περικείμενον
706 530 930 600 κόσμον.
958 527 1092 582 Ὑπὸ
1128 524 1317 580 τοῦτον
1355 525 1445 578 τὸν
1485 523 1771 594 ὑπερεξερῆ
1808 539 1865 574 τε
1899 532 1939 582 Α

1899 532 1939 582 Α
1973 529 2179 573 eurrct.
2218 519 2336 574 Sub
2360 533 2424 573 ea
2455 517 2791 587 prrecellenti
2821 528 3093 584 sat-raque
3119 514 3304 578 domo,
3342 521 3396 568 tu
3425 518 3551 571 mihi

290 623 384 674 καὶ
428 621 768 690 Ξερότευκτον
806 616 974 683 οἷκον,
1016 617 1352 686 κατανόησον
1398 615 1489 668 τὸν
1533 613 1868 682 νυμροδόχον

290 713 383 764 καὶ
423 711 751 784 παρθενικὺν
783 711 882 780 τῆς
916 710 1178 762 Θεοτόκου
1221 707 1406 776 σηκόν.
1445 703 1781 774 Περίϐλεψαι
1815 702 1868 754 δὲ

288 807 399 866 τοῖς
429 805 526 875 τῆς
563 803 798 865 πίστεως
828 800 1040 871 ὄμμασι
1091 799 1199 851 τῶν
1233 797 1614 868 ἱερογραπτων
1644 796 1741 864 τῆς
1774 792 1871 862 βα·

291 895 488 958 ειλίδος
525 895 703 966 μελῶν
738 894 840 965 τὴν
875 892 1218 947 κατάκλισιν.
1251 891 1353 944 Ἦν
1393 889 1493 942 οὐκ
1529 889 1610 950 εἰς
1655 885 1869 956 μακρὰν

290 988 391 1056 τῆς
427 987 677 1058 κηδείας,
718 984 1044 1055 μεταθέντος
1077 983 1248 1052 αὐτῆς
1283 981 1378 1034 τοῦ
1416 978 1564 1049 ἱεροῦ
1605 980 1867 1049 σκήνους,

290 1083 345 1132 αἱ
375 1078 680 1148 κατάὐτῆς
709 1076 1080 1131 κοιλανθεῖσαι
1109 1076 1207 1143 τῆς
1239 1073 1445 1143 πέτρας
1472 1070 1868 1140 ὑπογλυφίδες,

292 1169 724 1240 ἀχειροτεύκτως
761 1165 1196 1221 ὲνετυπώσαντο.
1239 1165 1506 1234 Εὑρήσεις
1546 1161 1735 1215 αὐτόθι
1778 1165 1872 1218 καὶ

289 1264 387 1330 τὴν
419 1261 837 1331 καταντήσασα-ι
863 1261 1149 1331 χρησίμως
1177 1257 1285 1310 τῶν
1314 1255 1656 1327 ἱερομυστῶν
1682 1254 1870 1325 ἄθροι-

292 1367 405 1416 σιν,
437 1357 504 1424 τῇ
550 1353 693 1407 κατὰ
732 1353 856 1407 νοῦν
893 1352 1097 1423 θεωρία
1142 1351 1421 1421 μυστικῶς
1461 1348 1829 1419 ἐρευνώμενος
1855 1361 1867 1375 ·

291 1447 660 1515 συμπαρεῖναι
691 1444 801 1515 γὰρ
834 1444 955 1497 τότε
992 1445 1155 1514 φησὶν
1187 1448 1214 1498 ό
1251 1442 1598 1514 ἱεροςάντης,
1634 1441 1753 1494 κατ’
1780 1441 1870 1492 ευ-

289 1538 473 1590 δοκίαν
514 1537 819 1606 ἄφραστον,
864 1537 964 1589 οὐκ
1011 1536 1396 1607 εὐαριθμήτων
1437 1534 1736 1605 ἱεροφόρων
1775 1536 1870 1589 ἁν-

289 1627 432 1697 δρῶν
455 1627 698 1698 ἄγυρμα.
725 1626 813 1689 Ὠς
842 1625 905 1678 ἂν
929 1622 1019 1678 οὖν
1045 1626 1144 1694 τῆς
1169 1624 1406 1685 διανοίας
1433 1623 1540 1676 τῶν
1567 1623 1872 1692 εἰρημένων

291 1717 584 1787 ἀξώμεθα,
619 1718 752 1788 φέρε
787 1719 853 1788 τῇ
895 1716 1255 1787 μυσταγωγὶᾳ
1290 1713 1382 1768 τοῦ
1417 1715 1562 1767 θείου
1597 1730 1871 1784 χειραγω-

289 1809 543 1878 γούμενοι
571 1805 708 1859 Πνεύ
719 1823 886 1877 ματος
907 1848 918 1870 ,
948 1807 1292 1877 συλλήπτορα
1315 1805 1408 1858 τοῦ
1431 1803 1590 1873 λόγου
1615 1805 1708 1875 τὴν
1752 1806 1874 1875 Μη-

1977 612 2125 680 quod
2163 626 2424 682 sponsam
2457 611 2688 680 recepit,
2726 624 2789 664 ac
2825 609 3095 680 virginale
3126 606 3220 663 Dei
3254 607 3560 666 Genitricis

1978 704 2269 759 cuiisidera
2306 704 2548 774 adytum.
2575 701 2953 772 Circumspice
2993 717 3120 758 vero
3161 701 3286 758 lidei
3333 701 3560 757 lumini-

1979 794 2081 849 bus
2140 794 2463 852 decubantis
2509 795 2714 866 regina:
2760 795 2980 864 depicta
3032 796 3276 850 membra
3312 795 3488 867 (brevi
3530 813 3560 851 a

1983 887 2178 945 funere
2204 905 2366 944 sacro
2398 891 2520 961 ejus
2550 892 2822 947 translato
2845 892 3229 962 tabernaculo)
3258 892 3407 948 nulla
3441 909 3563 947 tua-

1981 995 2150 1034 nuum
2185 994 2354 1050 opera
2389 993 2621 1038 eavante
2655 983 2798 1050 ipsa,
2849 983 3131 1038 caelaturis
3169 992 3340 1052 petra:
3376 982 3563 1038 defor-

1980 1081 2147 1124 mata.
2184 1070 2482 1128 Sacrorum
2521 1074 2653 1130 item
2675 1075 2974 1130 doctorum
3005 1083 3213 1131 ctutum
3252 1083 3564 1144 opportune

1981 1173 2366 1219 occurrentem
2437 1165 2638 1222 mentis
2703 1167 3171 1237 contemplatione
3238 1167 3566 1238 spiritaliter

1983 1254 2289 1317 scrutatus,
2323 1253 2437 1309 illic
2469 1255 2572 1310 loci
2610 1257 2911 1312 inveneris.
2969 1258 3063 1310 Ait
3113 1259 3260 1314 enim
3294 1274 3452 1314 sacer
3481 1260 3566 1314 in-

1982 1349 2222 1412 turpres,
2256 1344 2522 1398 ineffabili
2558 1345 2650 1400 Dei
2701 1346 3052 1416 beneplaeito
3097 1362 3161 1402 ac
3195 1347 3562 1415 providentia.

1981 1448 2332 1489 numerosam
2359 1435 2470 1491 Deo
2504 1437 2810 1492 aﬂlatorum
2849 1438 3093 1492 virorum
3128 1438 3562 1502 multitudinem,

1983 1539 2089 1578 una
2151 1534 2284 1583 tunc
2319 1526 2588 1584 adfuisse.
2650 1529 2720 1586 Ut
2774 1530 2942 1600 igitur
3000 1543 3226 1585 sensum
3282 1530 3563 1584 dictorum

1982 1618 2495 1688 apprehendamus,
2575 1636 2714 1692 age,
2786 1623 3032 1677 ductrice
3085 1621 3258 1677 divim
3320 1621 3564 1694 Spiritus

1981 1708 2235 1764 doctrina
2290 1726 2487 1775 sacra,
2541 1713 2831 1769 Sermonis
2889 1713 3148 1780 Matrem,
3186 1715 3434 1775 sermoni
3468 1729 3566 1783 pa-

1983 1808 2198 1854 tronam
2225 1811 2278 1857 et
2301 1803 2634 1874 adjutricem
2669 1806 3032 1864 asciscamus.
3061 1805 3230 1863 Plane
3283 1808 3432 1862 enim
3466 1807 3569 1863 ad-

290 1906 424 1973 τέρα
450 1901 542 1955 τοῦ
569 1901 743 1970 Λόγου
774 1900 1078 1971 ποιώμεθα.
1113 1900 1386 1970 ιΙαρὲσται
1417 1898 1526 1969 γὰρ
1558 1897 1877 1966 ἁγαθοδότις
1912 1889 1952 1946 Β

1912 1889 1952 1946 Β
1983 1892 2090 1943 erit
2131 1893 2285 1944 velut
2333 1893 2459 1946 boni
2498 1895 2773 1965 largitrix,
2809 1910 2872 1951 ac
2897 1912 3061 1968 supra
3107 1913 3272 1967 quam
3326 1899 3567 1968 petimus

290 1990 448 2058 οὖσα,
493 1993 778 2057 διδάξουσά
824 2010 883 2045 τε
930 1994 1024 2045 καὶ
1074 1990 1393 2044 συνετιοῦσα
1439 1990 1622 2054 πλέον,
1672 1991 1704 2061 ἦ
1751 1991 1875 2042 ὅσον

292 2089 448 2155 ἡμεῖς
489 2085 927 2158 παραιτούμεθα.
957 2084 1118 2138 Ἀλλά
1156 2101 1247 2154 μοι
1287 2085 1381 2136 καὶ
1419 2083 1578 2147 αὐτὸς
1618 2083 1873 2152 παρείης,

294 2178 579 2246 ὑφηγητᾶ,
622 2175 798 2246 μύστα
837 2178 931 2228 καὶ
966 2174 1140 2246 θεωρὲ
1177 2173 1286 2226 τῶν
1321 2173 1604 2243 ἀλήπτων⁹
1644 2175 1736 2226 καὶ
1778 2176 1874 2243 τῆς

297 2270 499 2339 σκηνῆς
529 2271 626 2339 τῆς
656 2269 915 2339 ἀληθινῆς
946 2267 1216 2338 ἱεροθύτα,
1248 2267 1342 2323 καὶ
1368 2270 1478 2331 τοῖς
1508 2267 1617 2326 σοῖς
1647 2266 1872 2334 spy-.10-

293 2365 488 2433 χωρεῖν
522 2361 757 2415 ἐθέλοντι
791 2360 1129 2432 χειραγωγὸς
1168 2360 1314 2430 εἴης,
1352 2360 1446 2413 καὶ
1483 2360 1617 2430 πρὸς
1651 2360 1748 2428 τὴν
1782 2357 1874 2410 τοῦ

294 2456 625 2526 ζητουμένου
668 2455 901 2523 δύναμιν
935 2453 1191 2516 ἀπλανῶς
1233 2452 1591 2523 καθοδηγοὶης
1635 2469 1735 2522 μου
1777 2451 1876 2520 τὴν

292 2546 531 2600 διάνοιαν
559 2549 623 2616 τῇ
653 2546 888 2615 ὲποπτξα⁴
925 2545 1022 2616 τῆς
1062 2543 1331 2615 μυστικῆς
1370 2543 1730 2626 ᾁντιλήιζνεως.
1758 2541 1877 2593 Δεξ-

297 2655 452 2690 κνυσι
473 2639 654 2689 τοίνυν
686 2637 774 2690 διὰ
796 2635 1116 2690 urive-.9105
1139 2636 1314 2704 λόγων
1347 2637 1477 2705 ἡμῖν
1506 2637 1533 2687 ὀ
1567 2633 1872 2695 θεσπέσιος,

295 2733 369 2794 ὡς
403 2733 546 2794 ἆπας
578 2731 759 2801 σχεδὸν
790 2730 894 2783 τῶν
927 2731 1086 2802 ἱερῶν
1115 2729 1431 2783 ἀποστόλων
1456 2731 1483 2781 ὀ
1511 2727 1716 2790 θίασος,
1745 2727 1875 2796 περὶ

295 2827 353 2873 τὸ
391 2822 584 2874 σεπτὸν
619 2824 794 2874 ἐκεῖνο
832 2826 924 2872 καὶ
962 2823 1104 2891 μέγα
1137 2821 1233 2890 τῆς
1267 2819 1608 2888 Θεομήτορος
1647 2817 1874 2887 συνεγή-

294 2931 459 2980 γερτο
500 2913 747 2984 θέατρον,
785 2916 875 2966 καὶ
913 2916 1035 2975 τοὺς
1078 2913 1181 2966 ἀνα
1221 2913 1401 2966 πᾶσαν
1441 2910 1875 2981 διεσπαρμένους

295 3009 390 3075 τὴν
422 3009 525 3076 γῆν
557 3007 833 3077 μαθητὰς,
869 3006 983 3077 ἅμα
1014 3006 1136 3058 τότε
1175 3004 1649 3075 συνειλεγμένους,
1686 2998 1762 3057 ὧν
1797 2999 1875 3066 εἷς

295 3095 362 3169 ἦν
402 3103 493 3154 καὶ
529 3102 688 3163 αᾷτὸς
726 3103 821 3154 σὺν
857 3100 1106 3171 Τιμοθέῳ
1142 3102 1233 3153 καὶ
1265 3099 1509 3170 Ἱεροθέῳ
1541 3102 1652 3161 τοῖς
1689 3098 1874 3150 050:6-

1978 1983 2220 2040 docebit.
2262 1986 2366 2041 Sed
2398 1995 2452 2041 et
2494 1988 2607 2056 ipse
2650 1989 2924 2060 interpres
2957 2006 3135 2057 sacer,
3174 1991 3480 2064 ductorque
3511 2005 3568 2049 et

1979 2087 2280 2145 spectator
2308 2093 2492 2132 rerum
2530 2080 3032 2150 comprehensione
3063 2082 3378 2152 majorum,
3417 2086 3564 2139 veri-

1978 2182 2084 2235 que
2135 2168 2482 2223 tabcrnaculi
2543 2171 2830 2236 sacerdos,
2881 2173 3016 2226 mihi
3067 2174 3242 2240 adsis,
3293 2190 3395 2231 nec
3455 2176 3567 2230 tuis

1979 2258 2219 2313 libenter
2249 2262 2591 2327 inunoranti,
2629 2278 2728 2318 ceu
2777 2279 2944 2318 manu
2977 2265 3268 2320 ductorem
3305 2275 3416 2322 tete
3463 2268 3565 2321 ab-

1979 2351 2189 2416 nueris,
2249 2363 2604 2424 mentemque
2655 2370 2831 2411 meam
2887 2364 2948 2410 ut
3005 2356 3114 2411 vim
3175 2359 3392 2428 quaesiti
3445 2359 3568 2414 sine

1981 2457 2179 2499 errore
2214 2447 2580 2515 perspexerit,
2624 2446 2971 2516 inspectione
2995 2463 3059 2503 ac
3098 2449 3265 2504 tutela
3297 2451 3566 2522 spiritalis

1978 2535 2167 2590 auxilii
2203 2537 2498 2593 direxeris.
2544 2537 2833 2609 Signiﬁcat
2877 2541 3070 2612 itaque
3111 2542 3292 2598 verbis
3329 2545 3448 2601 suis
3476 2545 3567 2598 vir

1979 2627 2355 2696 admirabilis,
2424 2639 2602 2687 totum
2662 2633 2778 2689 fere
2843 2635 3222 2705 apostolorum
3279 2648 3560 2694 sacratum

1979 2723 2235 2789 chorum,
2264 2726 2330 2778 ad
2362 2729 2677 2785 venerabile
2708 2729 2846 2784 illud
2883 2747 3255 2804 magnumque
3302 2734 3394 2790 Dei
3446 2734 3564 2790 Ma-

1979 2813 2082 2868 tris
2108 2823 2367 2868 coactum
2410 2821 2815 2886 spectaculum,
2858 2822 3280 2895 discipulosque
3315 2842 3414 2895 per
3439 2829 3568 2881 uni-

1980 2921 2196 2960 versam
2231 2914 2434 2961 terram
2469 2911 2777 2979 dispersos,
2811 2930 2918 2968 una
2951 2926 3081 2969 tunc
3106 2915 3285 2972 fuisse
3326 2933 3566 2990 congre-

1977 3015 2154 3075 gatos.
2209 3006 2280 3060 De
2335 3022 2574 3076 quorum
2633 3008 2748 3077 ipse
2796 3025 3026 3063 numero
3058 3010 3182 3074 fuit,
3218 3027 3343 3066 cum
3376 3011 3566 3068 divine

1979 3098 2320 3165 sapientibus
2353 3097 2647 3152 Timotheo
2683 3107 2848 3168 atque
2897 3099 3240 3156 llierotheo:
3277 3120 3297 3154 t
3338 3104 3473 3158 Cum
3508 3115 3565 3160 et

297 3209 438 3260 φοις.
472 3210 490 3242 t
529 3191 718 3244 Ἡνίκα
750 3191 886 3261 γὰρ,
921 3193 1080 3261 φησι,
1113 3191 1205 3242 καὶ
1235 3192 1423 3261 ἡμεῖς,
1456 3189 1530 3252 ὡς
1562 3185 1750 3250 οἶσθα,
1783 3191 1875 3241 καὶ
1903 3235 1946 3293 C

1903 3235 1946 3293 Ο
1981 3208 2099 3253 nos,
2134 3192 2332 3260 inquit.
2373 3202 2429 3245 ut
2463 3193 2608 3246 nosti
2635 3233 2648 3254 ,
2683 3202 2736 3246 et
2781 3202 2875 3256 tu.
2926 3205 2977 3248 ct
3024 3196 3181 3249 multi
3233 3213 3298 3252 ex
3351 3201 3562 3255 sanctis

296 3286 478 3349 αὐτὸς,
510 3286 602 3336 καὶ
636 3285 816 3337 πολλοὶ
847 3283 954 3336 τῶν
987 3283 1148 3353 ἱερῶν
1175 3283 1335 3352 ἡμῶν
1363 3283 1628 3350 ἁδελςεῶν,
1661 3284 1751 3334 ἐπὶ
1779 3284 1875 3351 τῆν

297 3377 426 3431 θέαν
449 3379 540 3429 τεῦ
570 3376 874 3448 ζωαρχικοῦ
905 3377 996 3429 καὶ
1025 3375 1277 3444 θεοδόχου
1306 3375 1557 3444 σώματος
1587 3374 1875 3443 συνεληλύ-

297 3469 490 3540 θαμεν.
528 3489 544 3520 ι
578 3467 891 3540 Ζωαρχικὸν
917 3468 988 3520 δὲ.
1006 3466 1165 3538 σῶμα
1189 3466 1299 3519 οὐδ’
1317 3467 1381 3519 ἂν
1410 3467 1536 3518 ἄλλο
1563 3469 1872 3534 νοήσωμεν,

297 3564 434 3633 πλὴν
467 3562 561 3616 τοῦ
603 3562 848 3631 θεοδόχου
892 3563 986 3614 καὶ
1032 3559 1362 3629 παρθενικοῦ
1411 3563 1668 3628 σκήνους,
1714 3559 1770 3624 ἐξ
1814 3555 1874 3612 οὗ

296 3657 389 3708 καὶ
419 3654 476 3708 τὸ
508 3654 840 3725 πρόσλημμα
868 3651 1076 3714 θεώσας
1106 3652 1132 3704 ό
1162 3651 1478 3720 {irrepo-33:0,
1501 3692 1514 3714 ,
1551 3653 1641 3703 καὶ
1672 3653 1750 3712 εἰς
1781 3653 1872 3704 οὐ·

297 3749 418 3801 σίαν
442 3745 657 3816 ἀληθῶς
685 3744 854 3798 ἐλθὼν
873 3784 886 3808 ,
915 3745 1052 3815 ὑπὲρ
1079 3744 1266 3798 οὐσίαν
1291 3743 1550 3814 οὐσιώθη.
1577 3744 1650 3795 Ui
1681 3744 1788 3812 γὰρ
1814 3743 1874 3794 τὸ

293 3840 622 3894 Δεσποτικόν
643 3855 654 3868 ·
683 3840 762 3892 ὃτι
793 3839 869 3908 μὴ
897 3838 1002 3908 πρὸ
1025 3836 1117 3890 τοῦ
1152 3837 1354 3900 πάθους
1382 3837 1633 3907 παρῆσαν
1657 3839 1704 3889 οἱ
1739 3837 1876 3905 μετὰ

293 3935 354 3986 τὸ
384 3933 554 3994 πάθος
582 3929 989 3994 πιστεύσαντες.
1023 3949 1040 3982 t
1070 3931 1416 4001 Θεολὴπτους
1446 3931 1502 3983 δὲ
1534 3931 1814 4002 ἱεράρχας,
1853 3951 1870 3982 ι

292 4029 416 4086 τοὺς
443 4024 715 4089 θιασώτας
742 4022 894 4094 οἶμαι
918 4022 1026 4077 τῶν
1050 4022 1329 4092 μαθητῶν,
1354 4024 1430 4087 ὼς
1455 4023 1754 4097 προέόρους
1781 4022 1874 4075 τοῦ

293 4119 475 4187 λόγου,
527 4119 713 4186 σαᾳῶς
742 4117 973 4170 ἐνταῦθα
1024 4117 1345 4195 παραδηλοῖ.
1401 4118 1510 4170 Καὶ
1560 4116 1876 4188 θαυμαστὸν

292 4210 476 4274 οὐδὲν,
507 4211 554 4262 εἰ
589 4210 649 4261 τὸ
683 4208 885 4278 ἐξίραν
920 4206 1107 4260 Ἠλίαν
1139 4207 1357 4276 πνεῦμά
1393 4225 1521 4261 ποτε
1544 4249 1557 4271 ,
1591 4209 1683 4261 καὶ
1714 4207 1872 4278 διερρ-

294 4302 489 4372 ελέιτην
512 4300 742 4372 οὐρανοῦ
772 4301 1051 4370 πυρφόρον
1080 4299 1347 4354 ἀναλαϐὸν
1371 4302 1516 4371 ἄρτι,
1543 4302 1660 4354 τότε
1690 4301 1875 4356 κάκεί-

295 4410 416 4454 νους
457 4389 716 4460 ἐξαπίνης
758 4391 1034 4460 συνήγαγε
1078 4389 1165 4444 διὰ
1208 4391 1436 4462 νεφέλης
1477 4394 1534 4444 ὲν
1576 4391 1871 4463 πνεύματι.

306 4483 504 4554 Ῥᾷστα
530 4484 638 4553 γὰρ
670 4483 845 4535 πάντα
871 4482 1009 4553 Θεῷ,
1035 4481 1214 4546 καθὼς
1244 4484 1300 4536 ἐν
1321 4482 1398 4554 τῷ
1425 4485 1478 4536 Ἀ
1490 4483 1749 4554 μόακοῖθμ
1778 4487 1872 4540 καὶ

293 4578 366 4648 τῷ
402 4579 601 4646 Δανιὴλ
635 4577 898 4647 ἔγνωμεν.

1984 3283 2247 3337 fratribus
2283 3287 2516 3346 nostris,
2549 3285 2613 3337 ad
2642 3301 2846 3353 corpus
2899 3286 3043 3355 quod
3070 3289 3197 3343 vita:
3227 3291 3563 3361 principium

1981 3377 2250 3437 dedisset,
2298 3375 2578 3444 Deumque
2605 3380 2968 3448 suscepisset,
3009 3383 3391 3438 contuendqu
3428 3401 3565 3441 con-

1981 3466 2344 3520 venissemus.
2382 3486 2398 3516 ι
2432 3466 2704 3521 Craterum
2756 3469 2970 3523 nullum
3032 3471 3182 3526 aliud
3235 3474 3567 3540 cogitaveri-

1981 3576 2101 3612 mus
2134 3559 2342 3613 dictant
2387 3561 2744 3616 zoarchicum
2769 3578 2995 3633 corpus,
3031 3574 3230 3634 praeter
3260 3568 3392 3621 illud
3414 3570 3564 3639 quod

1980 3659 2146 3706 vitam
2173 3654 2460 3721 edidisset,
2482 3669 2548 3709 ac
2571 3655 2843 3725 virginale
2872 3658 3332 3728 tabernaculum;
3361 3677 3426 3715 ex
3453 3679 3564 3732 quo

1977 3745 2143 3798 etiam
2180 3755 2521 3816 asstnnptam
2554 3762 2802 3812 carnem,
2829 3747 2875 3804 is
2907 3749 3003 3820 qui
3035 3750 3216 3820 major
3248 3754 3564 3811 substantia

1977 3844 2082 3902 est,
2119 3837 2410 3893 divmitate
2465 3839 2733 3906 donavit,
2773 3849 3002 3913 totaque
3049 3846 3286 3902 veritate
3329 3849 3396 3903 ad
3432 3850 3565 3905 sub-

1979 3933 2238 3986 stantiam
2267 3933 2495 3987 veniens
2518 3973 2532 3996 ,
2562 3935 2746 3988 altiori
2782 3951 2952 4005 supra
2984 3938 3357 3995 substantiam
3395 3942 3564 3998 modo

1977 4023 2343 4079 substantiam
2389 4025 2590 4081 induit.
2646 4025 2778 4103 Non
2828 4029 2976 4082 enim
3027 4029 3303 4099 ejusmodi
3359 4049 3563 4105 corpus

1978 4115 2112 4169 illud
2155 4115 2504 4170 Dominicum
2543 4116 2733 4172 fuerit.
2758 4119 2896 4173 Nam
2931 4135 3040 4174 non
3072 4121 3386 4180 adfuissent
3431 4135 3561 4182 ante

1977 4206 2330 4276 passionem,
2400 4209 2493 4278 qui
2561 4218 2687 4279 post
2771 4211 3089 4279 passionem
3163 4215 3554 4274 credidissent.

1981 4321 1998 4352 ι
2055 4301 2165 4356 Deo
2196 4309 2378 4355 autem
2419 4300 2634 4357 all'latos
2677 4317 2967 4358 sacrorum
3027 4306 3350 4371 antistites,
3401 4329 3420 4361 ι
3460 4326 3556 4368 eos

1975 4403 2110 4464 puto
2169 4394 2318 4450 clare
2367 4393 2474 4448 hoc
2531 4396 2653 4450 loco
2721 4397 3091 4468 signiﬁcatos,
3141 4401 3236 4470 qui
3288 4411 3478 4459 essent
3524 4421 3556 4461 e

1973 4485 2371 4556 discipulorum
2407 4485 2600 4554 choro,
2634 4496 2894 4557 tanquam
2928 4491 3076 4546 verbi
3114 4492 3421 4562 praefectos.
3441 4497 3553 4553 Nec

1906 4580 1948 4634 D
1973 4581 2275 4650 quidquam
2317 4580 2546 4644 mirum,
2584 4589 2643 4635 ut
2675 4580 2916 4651 Spiritus
2941 4585 3035 4653 qui
3067 4586 3348 4655 quondam
3395 4598 3555 4644 extu-

293 4672 448 4724 lissct
480 4669 673 4733 Ellam,
703 4673 1062 4740 aurigamque
1104 4670 1229 4725 οωιί
1284 4669 1580 4740 ignifcrum
1644 4676 2064 4744 assunmsisset,
2099 4688 2196 4727 eos
2227 4673 2393 4726 etiam
2422 4688 2518 4740 per
2550 4674 2750 4727 nubem
2778 4675 2834 4729 in
2901 4678 3097 4748 spiritu
3165 4679 3218 4734 id
3289 4684 3552 4752 temporis

293 4771 574 4818 momento
637 4763 1081 4832 congregaverit.
1133 4761 1268 4816 Nam
1337 4773 1467 4817 sunt
1515 4764 1699 4817 omnia
1756 4763 1864 4819 Deo
1937 4765 2140 4827 facilia,
2204 4762 2670 4832 quemadmodum
2746 4764 2802 4818 in
2867 4764 3125 4822 llabacuc
3184 4777 3238 4824 et

294 4862 548 4916 novimus
594 4855 638 4915 ί.

363 4952 598 5012 Τούτους
637 4951 691 5004 δὲ
732 4953 890 5014 ὅσους
931 4953 997 5006 ἂν
1038 4953 1140 5004 οἱέι
1175 4951 1319 5015 τότε,
1361 4953 1635 5022 ἀγαπητὲ,
1680 4952 1873 5018 ἄλλους

294 5049 514 5103 ἄλλοθεν
554 5048 786 5110 ὀπαδοὺς
834 5047 1022 5100 αὐτόθι
1068 5047 1519 5116 συνενεχθένταςς
1565 5047 1724 5101 τοῦτο
1765 5048 1872 5120 γὰρ

291 5142 444 5212 δηλοῖ
475 5140 562 5193 τό·
609 5159 626 5190 t
672 5138 780 5191 Καὶ
817 5137 1141 5206 πολλοιτῶν
1173 5138 1334 5208 ἱερῶν
1550 5141 1812 5209 ἀδελφῶν.
1849 5162 1867 5194 ι

306 5231 392 5292 Ὠς
422 5230 581 5297 δῆλον
609 5224 746 5282 εἶναι
776 5229 909 5298 μηδὲ
940 5227 1047 5282 τῶν
1073 5227 1301 5290 ἑπτάκις
1318 5229 1448 5282 δέκα
1467 5270 1482 5292 ,
1509 5229 1617 5283 τῶν
1644 5229 1870 5301 ὕστερον

291 5321 753 5389 ἁναδεδειγειοένον)
791 5319 1030 5390 Χριστοῦ
1077 5319 1360 5391 μαθητῶν,
1402 5321 1769 5394 ὴμοιρηκέναι
1809 5323 1870 5376 τὸ

294 5411 574 5464 θεόλεκτον
610 5412 784 5464 ἐκεῖνο
828 5409 1121 5482 συνέδριον.
1163 5411 1401 5474 Εἰκότως
1445 5411 1553 5482 γὰρ
1594 5414 1719 5477 τοὺς
1768 5413 1867 5484 μὲν

289 5501 364 5564 ὡς
405 5503 794 5573 πρωτουργοὺς
836 5499 930 5553 τοῦ
974 5502 1276 5573 μυστηρίου
1314 5503 1409 5557 καὶ
1448 5503 1865 5575 φιλοθεάμονας,

290 5589 464 5653 ἐνίους
499 5591 556 5643 δὲ
591 5591 681 5643 καὶ
717 5593 1046 5659 μετάὺτους
1083 5593 1266 5657 εὐθὺς,
1293 5592 1369 5657 ὡς
1403 5594 1470 5648 τὰ
1503 5595 1734 5666 δεύτερα
1769 5598 1868 5668 τῆς

297 5678 571 5749 θεολογίας
610 5681 903 5752 φέροντας,
950 5681 1226 5753 Πνεύματι
1270 5683 1399 5755 θείῳ
1443 5683 1868 5750 συνελασθέντας

367 5860 381 5900 Ι
426 5857 567 5914 Dan.
600 5875 711 5919 xw,
742 5859 812 5917 23
871 5876 1028 5930 seqq.

615 5957 814 6018 νηπίω
909 5960 1023 6018 (in.
1069 5959 1110 6015 Χ
1128 5957 1317 6020 CVII.

3329 4769 3550 4828 Daniele

2044 4947 2124 5002 Tu
2156 4963 2307 5010 vero,
2359 4946 2586 5012 dilecte,
2633 4960 2799 5017 quam
2851 4946 3054 5003 multos
3097 4957 3261 5018 putas
3311 4967 3376 5007 ex
3425 4956 3548 5010 aliis

1972 5039 2223 5112 partibus
2259 5039 2373 5094 illic
2399 5038 2667 5093 societate
2709 5039 3078 5108 congressos?
3105 5040 3160 5095 ld
3194 5044 3340 5100 enim
3374 5045 3551 5114 signi-

1971 5134 2094 5187 licat
2121 5131 2264 5201 quod
2321 5129 2436 5183 ait:
2494 5147 2512 5182 t
2556 5127 2624 5184 Et
2681 5130 2840 5185 multi
2887 5146 2957 5186 ex
3015 5134 3224 5188 sanctis
3283 5134 3550 5196 fratribus

1972 5225 2195 5281 nostris.
2229 5243 2247 5275 ι
2284 5221 2355 5278 Ut
2386 5223 2565 5293 palam
2609 5224 2682 5279 sit
2726 5239 2906 5294 neque
2941 5226 3292 5297 septuaginta
3326 5239 3549 5300 postre-

1971 5339 2118 5377 mum
2185 5331 2403 5377 creatos
2443 5317 2654 5376 Christi
2709 5320 3012 5391 discipulos
3079 5321 3323 5380 defuisse
3372 5327 3551 5382 electo

1975 5418 2052 5472 illi
2089 5434 2116 5471 a
2149 5415 2260 5472 Deo
2283 5413 2455 5470 cmtni
2491 5421 2657 5485 atque
2686 5413 2948 5471 concilio.
2979 5412 3088 5469 Par
3129 5415 3274 5471 enim
3314 5427 3434 5474 erat
3493 5428 3554 5476 ut

1973 5515 2091 5561 tum
2124 5506 2222 5571 illi,
2253 5506 2404 5560 velut
2445 5505 2542 5576 qui
2590 5504 2844 5576 primarii
2877 5506 2929 5561 in
2977 5507 3236 5578 mysterio
3267 5517 3457 5566 essent
3488 5527 3553 5566 ac

1978 5599 2284 5669 spectaculi
2339 5607 2610 5666 amantes,
2663 5605 2778 5653 tum
2856 5599 2947 5654 alii
3004 5607 3129 5669 post
3170 5616 3266 5658 eos
3326 5602 3551 5674 quidam

1977 5691 2168 5762 eisque
2199 5689 2460 5762 proximi,
2496 5697 2554 5745 ut
2582 5689 2677 5762 qui
2721 5692 3002 5748 secundas
3041 5693 3097 5749 in
3137 5693 3412 5764 theologia
3443 5691 3556 5751 fer-

3127 5957 3197 6019 34
