4236 6440
211 434 340 498 ΗΠ

1234 445 1308 502 IN
1347 438 1882 502 DORMITIONEM
1924 439 1984 497 S.
2026 435 2307 496 ΜΑΗΗΕ.
2342 433 2423 493 lI.

3302 423 3438 492 ἰθῗό
3508 449 3528 467 ⁸

212 545 411 612 ξωμεν,
434 545 526 596 τικῦ
561 545 709 614 ἡλίου
743 546 839 609 τὰς
874 549 1217 616 λαμπηδόνας
1253 549 1666 619 ῦπερπηδοῦσαν
1697 548 1773 616 τῷ
1808 557 1841 606 Α

1894 548 2066 604 liceat,
2100 553 2190 596 aut
2225 553 2372 597 certe
2410 542 2490 593 vel
2528 538 2798 591 modicum
2846 551 3060 604 capere,
3120 544 3280 602 alque
3331 538 3439 589 haec

211 634 398 686 κάλλει
432 634 530 702 τῆς
562 635 808 700 ἀγλαΐας.
846 635 1107 687 Ἐνταῦθα
1132 637 1186 689 δὲ
1230 637 1323 688 τοῦ
1357 638 1512 702 λόγου
1550 639 1772 702 γενομε-

213 741 320 786 νος,
361 724 523 775 καλὸν
568 720 718 793 οἶμαι
773 727 1035 795 πρότερον
1086 727 1256 788 ένίους
1308 727 1416 778 τῶν
1474 727 1598 794 τῇδε
1646 743 1776 792 προσ

215 813 642 881 ασφαλίσασθαι,
676 814 749 874 ὼς
780 814 844 865 ἂν
871 815 944 883 μὴ
968 817 1126 883 τυχὸν
1155 817 1417 878 ἀνίπτοις,
1443 817 1503 866 τὸ
1532 816 1594 884 δὴ
1623 814 1777 882 λεγό-

221 920 402 970 μενον,
429 903 728 971 ἢὰνάγνοις
758 905 882 954 ποσὶ
913 907 1020 965 τοῖς
1051 905 1224 971 ἁγίοις
1247 905 1679 973 προσϐάλλοιμεν
1711 905 1774 936 ⁸³·

217 993 299 1043 ὅτι
323 993 396 1060 μὴ
425 995 586 1043 πᾶσιν
617 993 810 1060 ἐπίσης
849 995 1114 1062 εἰσιτητὸς
1153 996 1185 1064 ἢ
1227 995 1384 1063 βατὸς
1417 998 1444 1047 ό
1479 995 1585 1047 τῶν
1615 996 1783 1061 ἁγίων

219 1082 394 1151 χῶρος
426 1097 440 1111 ⁸
478 1082 614 1152 πλὴν
655 1087 763 1145 τοῖς
787 1084 872 1135 διὰ
912 1085 1255 1154 καθαρότητα
1304 1085 1394 1138 νοῦ
1440 1087 1545 1137 τῶν
1589 1087 1785 1137 ύλικῶν

222 1174 438 1223 πέντων
464 1173 859 1242 ὑπεραναὸἅσι,
892 1176 984 1226 καὶ
1011 1177 1187 1227 πάντα
1228 1178 1526 1244 περάσασιν
1557 1178 1655 1227 ὃσα
1684 1177 1788 1230 ὑπὸ

220 1265 318 1332 τὴν
345 1265 616 1333 αἴσθησινο
647 1263 725 1328 οἷς
757 1267 820 1318 ἂν
854 1267 1082 1334 μάλιστα
1114 1270 1203 1318 καὶ
1234 1269 1265 1336 ἡ
1293 1269 1672 1336 παναγεστάτη
1695 1268 1788 1320 τοῦ

223 1352 356 1404 Θεοῦ
392 1354 560 1422 σκηνὴ
600 1355 695 1414 τὰς
723 1355 988 1418 διεξόδους
1027 1356 1484 1424 ἀναρριπίζουσα,
1535 1372 1792 1425 παραχω-

228 1447 309 1510 ρεῖ
348 1445 642 1512 φιλοτίμως
678 1446 774 1512 τὴν
805 1447 1030 1509 εἴσοδον,
1072 1449 1165 1498 καὶ
1199 1448 1295 1515 τῆς
1331 1449 1525 1514 νοητῆς
1570 1448 1792 1498 πανδαι-

229 1536 367 1597 σίας.
399 1537 483 1602 ἐφ’
513 1538 577 1606 ἦν
599 1537 949 1606 ὲστιάθημεν,
986 1539 1320 1608 φιλοφρόνως
1351 1537 1792 1606 ἐπιδαψιλεύεται

225 1625 293 1676 τὰ
323 1625 545 1694 ὀψώνια.
583 1629 643 1679 Et
673 1628 778 1696 γάρ
805 1631 914 1689 τοῖς
940 1628 1074 1697 πρὸς
1100 1628 1178 1697 τῷ
1219 1629 1348 1680 Σινᾶ
1379 1629 1450 1696 μὴ
1491 1630 1610 1680 κατ’
1637 1628 1791 1691 ἀξίαν

228 1715 346 1784 ὄρει
376 1718 679 1788 προσῦῆναι
727 1719 1016 1787 τολμηρῶς
1065 1719 1475 1787 αὐτομολοῦσιν,
1517 1721 1795 1788 ἀστραπαὶ

229 1807 322 1857 καὶ
353 1805 592 1875 βρονταὶ,
633 1807 725 1858 καὶ
753 1807 1001 1875 δείματα,
1038 1809 1127 1859 καὶ
1154 1807 1465 1875 σαλπίγγων
1498 1805 1618 1877 ἦχοι
1650 1849 1662 1869 ,
1702 1811 1796 1861 καὶ

1876 636 2054 702 palam
2097 633 2354 694 discere;
2388 646 2450 684 ac
2497 631 2580 682 sin
2633 628 2836 689 minus,
2907 640 3024 693 qua:
3074 635 3319 691 spei-tant
3377 627 3440 675 aal

1879 725 2366 778 ineffabilissimam
2403 721 2550 772 illam
2574 720 2775 782 vitam;
2806 725 2931 770 sunt
2955 717 3102 769 enim
3127 730 3186 767 ea
3219 716 3397 780 ignota
3429 734 3440 766 :

1880 826 1933 869 at
1970 818 2163 870 saltem
2201 831 2411 875 eorum,
2436 815 2635 880 quibus
2670 809 3028 879 praesidemus
3054 807 3238 868 hodie,
3269 821 3415 872 quan

1881 917 1994 960 tum
2031 921 2118 959 res
2153 905 2303 966 sinit,
2341 905 2526 957 doceri
2562 903 2799 954 rationes
2827 940 2839 952 .
2881 899 3077 951 Adeste
3106 913 3254 964 ergo,
3288 895 3446 946 amici

1885 997 2185 1056 auditores,
2217 1012 2432 1062 unaque
2466 996 2729 1046 bonorum
2790 1007 2849 1043 ac
2886 990 3184 1058 spectaculi
3220 988 3447 1054 spirita-

1885 1086 1952 1138 lis
1989 1093 2261 1138 amantes.
2319 1083 2426 1136 Vos
2486 1084 2628 1136 enim
2687 1095 2884 1148 magno
2935 1079 3264 1143 sublimique
3321 1091 3452 1126 \uco

1887 1179 2202 1245 pra-conio;
2267 1176 2537 1229 sermonis
2600 1175 2871 1241 explicata
2921 1171 3078 1233 lat-ie,
3140 1169 3454 1236 ς)·ιιιιι(›1ἱι·ἱ5

1889 1268 2156 1319 hactenus
2199 1267 2417 1318 obtecta
2453 1264 2772 1322 involucris,
2806 1262 3043 1328 positum
3085 1261 3233 1310 intus
3291 1258 3456 1309 deco-

1890 1373 2027 1419 rem,
2055 1359 2188 1410 solis
2217 1356 2458 1425 fulgores
2505 1364 2790 1407 venustate
2820 1354 3003 1421 gratite
3030 1357 3450 1417 CXSttpCI'altlt‘ttt

1891 1449 2212 1502 ostendam.
2245 1447 2377 1501 Cum
2414 1462 2579 1514 porro
2621 1447 2792 1496 llllt'CC
2825 1444 3006 1495 oratio
3054 1449 3310 1509 provecta
3366 1440 3454 1502 sit,

1893 1554 2070 1608 operae
2103 1539 2340 1608 pretium
2389 1539 2651 1599 arbitror,
2703 1543 2760 1588 ut
2821 1544 2946 1586 ante
2982 1536 3161 1585 omnia
3227 1546 3458 1600 pta-11:0-

1895 1644 2075 1693 neam,
2107 1639 2166 1681 ut
2203 1643 2266 1681 ne
2295 1629 2383 1696 qui
2416 1627 2558 1681 forte
2609 1627 2810 1688 illotis,
2849 1625 2989 1693 quod
3022 1626 3246 1686 dicitur,
3280 1625 3460 1692 prol'a-

1897 1721 2047 1774 nisve
2071 1721 2320 1789 pedibus,
2361 1734 2512 1772 sacra
2544 1717 2922 1771 invaserimus.
2971 1714 3087 1768 Non
3113 1718 3257 1768 enim
3313 1732 3464 1782 :rque

1897 1811 2152 1866 omnibus
2177 1825 2433 1864 accessus
2463 1811 2792 1876 perviusque
2810 1816 2895 1862 est
2924 1816 3239 1860 sanctorum
3273 1807 3463 1866 IUL‘Us;

230 1896 452 1948 ἀπειλαὶ
488 1897 778 1966 φρικώδεις
810 1897 1166 1966 ὲνέσκηπτον,
1199 1898 1272 1960 ὡς
1307 1899 1363 1950 δὲ
1398 1900 1491 1950 καὶ
1521 1899 1614 1950 τοῦ
1649 1899 1795 1967 ίεροῦ
1832 1877 1841 1933 l

1902 1904 1996 1956 sed
2033 1903 2100 1957 iis
2131 1911 2363 1966 tantum,
2401 1903 2493 1965 qui
2532 1901 2728 1953 mentis
2764 1899 3022 1966 puritate,
3057 1906 3317 1950 concreta
3350 1891 3465 1949 uia—

227 1987 336 2039 τῶν
367 1989 560 2058 τοίχων
582 1990 918 2055 ἐφάπτεσθαι
945 1993 1056 2052 τοῖς
1088 1991 1298 2053 πολλοῖς
1328 1993 1427 2043 οὐκ
1454 1986 1520 2060 ἦν
1538 1993 1796 2057 ἀσφαλὲς,

230 2082 324 2131 καὶ
355 2079 442 2131 διὰ
473 2079 630 2132 τοῦτο
663 2080 871 2132 δεῖσθαι
905 2081 1169 2150 δευτέρων
1195 2082 1386 2151 τοίχων
1417 2083 1523 2134 τῶν
1557 2083 1753 2147 ἔξωθεν
1785 2100 1796 2112 ο

226 2164 296 2239 ἦν
325 2169 384 2222 δὲ
437 2170 524 2224 διὰ
573 2172 809 2239 σπουδῆς
834 2173 925 2224 καὶ
952 2173 1091 2241 μέγα
1121 2173 1180 2225 τὸ
1210 2172 1676 2242 προκαθαίρεσθαι
1703 2174 1801 2243 τῆς

228 2260 339 2312 τῶν
375 2261 544 2329 ἁγίων
570 2262 808 2331 ἐπαφῆς,
845 2264 937 2316 καὶ
970 2264 1076 2316 τῶν
1115 2264 1275 2334 ίερῶς
1298 2264 1635 2332 τελουμένων
1669 2281 1803 2332 προ-

228 2351 629 2404 διαστέλλεσθαι
657 2368 669 2382 ⁸
700 2355 791 2405 καὶ
819 2354 991 2406 ταῦτα
1019 2357 1084 2424 τῇ
1124 2356 1251 2425 σκιᾷ
1295 2355 1650 2424 λατρεύουσιν
1698 2355 1799 2420 ἔτι,

230 2443 459 2496 καὶτῶν
504 2445 749 2498 τυπικῶν
793 2447 1310 2515 παραπετασμάτων
1369 2446 1758 2516 ἐξηρτημένοις
1787 2464 1800 2478 ·

230 2532 404 2602 πόσην
458 2534 524 2586 ἂν
563 2535 794 2604 μάλιστα
833 2536 971 2598 δέον,
1003 2539 1128 2599 τοὺς
1158 2537 1252 2606 τῆς
1287 2537 1545 2606 ἀληθείας
1574 2537 1635 2589 τὸ
1689 2538 1804 2606 φῶς

230 2628 452 2682 ἔναυλον
488 2629 731 2697 ἔχοντας,
782 2631 1019 2700 σπουδὴν
1063 2631 1489 2694 ἐπιδείκνυσθαι,
1533 2633 1598 2699 τῇ
1635 2647 1807 2699 μεγα-

230 2720 494 2788 λοπρεπεῖ
515 2719 682 2790 ταύτῃ
725 2723 817 2772 καὶ
864 2721 1230 2790 ὑπερμεγέθει
1270 2721 1378 2772 τῶν
1403 2719 1496 2771 τοῦ
1540 2719 1674 2772 Θεοῦ
1707 2738 1804 2789 χα-

235 2812 514 2884 ρισμάτων
551 2815 724 2882 σκηνῇ
762 2815 1096 2881 προσᾳοιτᾷν
1126 2812 1533 2879 ἐπειγομένουςο
1577 2813 1712 2882 πρὸς
1741 2812 1808 2882 ἢν

235 2901 696 2971 ὐπεραγνώστως,
731 2903 872 2972 ὑπὲρ
901 2902 1045 2964 νοῦν,
1078 2903 1498 2973 ὑπεραρρήτως,
1530 2904 1612 2966 είς
1649 2906 1812 2956 κένω-

236 3009 321 3046 σιν
349 2993 540 3047 ἑαυτὺν
570 2993 759 3054 καθεὶς
792 2993 1132 3060 ἐπεδήμησε,
1165 2994 1259 3045 καὶ
1291 2995 1514 3064 ’μήτραν
1557 2994 1813 3064 παρθενια

237 3086 343 3153 κὴν
372 3088 400 3138 ό
433 3084 680 3154 μηδαμοῦ
717 3084 962 3154 χωρητδς
994 3085 1453 3153 ἀστενοχωρήτως
1479 3087 1812 3154 ἐσκήνωσεν,

234 3177 366 3245 ὃλην
401 3175 468 3228 δι’
515 3175 636 3228 ὅλου
680 3176 782 3242 τὴν
833 3176 890 3226 ὲν
917 3174 1128 3240 γενέσει
1171 3173 1333 3241 φύσιν
1374 3174 1695 3244 ὑπερϐᾶσαν
1743 3177 1808 3245 τῇ

237 3268 590 3338 καθαρότητι,
628 3267 924 3320 κάντεῦθεν
953 3265 1142 3335 ὥσπερ
1175 3266 1239 3318 ἐκ
1280 3282 1442 3318 τινων
1497 3266 1656 3335 ιερῶν
1688 3266 1814 3318 ἁδύ-

236 3375 367 3417 των,
417 3359 515 3426 τὴν
561 3355 758 3410 ἑαυτοῦ
807 3355 1282 3429 μεμυσταγὼγηκε
1332 3356 1533 3425 σάρκα.
1571 3357 1700 3423 Τίς;
1761 3357 1819 3409 '0

239 3450 568 3520 ἀπροσδεὴς,
595 3451 690 3502 καὶ
719 3449 848 3519 ὅλην
903 3449 1037 3518 πρὸς
1071 3449 1265 3501 ἑαυτὸν
1297 3447 1575 3510 ἀνατεθεὶς
1596 3449 1693 3518 τὴν
1725 3449 1820 3502 ἁν-

241 3543 522 3613 θρωπίνην
553 3540 829 3611 ἐσχατιάν.
871 3541 994 3593 ’Ertl.
1015 3540 1189 3612 ταύτῃ
1218 3541 1284 3609 τῇ
1323 3538 1654 3608 θεοτυπώτῳ
1687 3555 1823 3608 σκη-

241 3637 333 3704 νῇ.
360 3637 386 3687 ό
420 3635 583 3703 νόμος
625 3632 797 3696 ἁπας,
844 3633 936 3686 καὶ
965 3633 1013 3684 oi
1054 3633 1353 3701 προφῆται.
1382 3633 1823 3702 πραγματιωδῶς

243 3726 729 3795 ὲκπεπλήρωνταιο
763 3723 858 3777 καὶ
883 3725 1076 3798 ταύτῃ,
1106 3722 1174 3774 τὰ
1207 3721 1409 3793 σκιώδη
1437 3722 1545 3774 τῶν
1577 3740 1641 3774 τυ
1655 3723 1826 3776 πικῶν

243 3815 734 3886 προχαραγμάτων
777 3812 1084 3884 ἠμαυρώθη
1139 3813 1506 3883 μορφώματα,
1557 3814 1828 3868 λυθέντων

234 3906 354 3982 ,τῶν
375 3908 654 3976 ἐσόπτρων
684 3908 748 3976 τῇ
771 3906 1020 3976 ἀληθείᾳ.
1040 3905 1257 3958 Τούτων
1273 3905 1330 3957 δὲ
1367 3905 1566 3969 ἱκανῶς
1586 3907 1663 3976 τῷ
1685 3908 1828 3978 λόγῳ

243 4000 922 4071 προπαρεσκευασμένων,
961 3999 1060 4066 ἁγε
1094 3997 1159 4067 δὴ
1187 3998 1296 4050 τῶν
1323 3999 1510 4052 τύπων
1541 4000 1825 4070 ἀφέμενοι,

243 4092 334 4146 ἐπ’
363 4094 531 4161 αὐτὴν
557 4091 959 4160 ἁναδρὰμωμεν
975 4088 1073 4159 τὴν
1097 4088 1375 4158 ἀλήθειαν·
1405 4091 1604 4159 μᾶλλον
1625 4093 1680 4145 δὲ
1709 4095 1821 4158 τοῖς

243 4181 460 4246 ἀδύτοις
497 4181 790 4252 προσϐάλω
798 4198 915 4251 μεν.

1903 1993 2051 2044 terim
2077 1991 2260 2044 omnia
2318 1992 2658 2058 Supergressi
2721 1997 2871 2049 sunt,
2943 1989 3391 2054 transicruutque
3425 1990 3467 2040 si

1903 2099 2007 2151 qua
2038 2085 2242 2136 cadunt
2274 2083 2375 2136 sub
2404 2097 2621 2136 sensum
2658 2099 2672 2136 :
2698 2082 2893 2149 quibus
2917 2080 3148 2132 maxime
3177 2080 3470 2131 sanctissi-

1905 2188 2048 2225 mum
2085 2172 2180 2227 Dei
2225 2172 2638 2226 tabernaculum
2703 2171 3118 2223 transeuntibus
3168 2184 3356 2221 auram
3396 2168 3472 2221 la.

1903 2266 2079 2326 ciens,
2122 2262 2406 2331 magnifice
2443 2264 2752 2330 ingressum
2776 2261 3049 2322 Concedit,
3088 2273 3149 2310 ac
3182 2260 3470 2326 spiritalis,

1904 2355 2052 2406 otnni
2083 2353 2285 2423 dapmn
2333 2368 2556 2423 genere,
2592 2352 2645 2405 in
2674 2366 2780 2420 quo
2829 2350 3103 2419 cpulaturi
3154 2349 3472 2413 irivitzmur,

1906 2447 2158 2500 instructi
2215 2447 2452 2500 convivii
2501 2445 2678 2508 cibos,
2729 2443 2876 2510 larga
2926 2455 3090 2495 manu
3142 2441 3478 2508 perbenigue

1904 2539 2153 2608 largitur.
2209 2538 2343 2591 Nam
2388 2540 2432 2593 si
2475 2539 2563 2601 iis,
2611 2538 2704 2606 qui
2755 2551 2888 2589 ausu
2931 2535 3244 2596 temerario,
3300 2535 3479 2588 minus

1908 2629 2058 2696 digni
2098 2639 2336 2681 montem
2392 2629 2521 2681 Sina
2552 2639 2578 2677 Ρ
2611 2629 2763 2681 adire
2801 2635 3220 2696 prmsumerent,
3264 2624 3479 2694 fulgura

1908 2719 2255 2786 ingruebant,
2315 2718 2685 2786 fulminaque,
2747 2727 3105 2778 actcrrores,
3157 2717 3480 2784 sonitusque

1911 2810 2193 2874 tubarum,
2245 2821 2297 2864 et
2335 2826 2497 2866 voces
2550 2811 2875 2875 terribiles;
2922 2819 2978 2863 ut
3033 2825 3128 2864 nec
3175 2811 3480 2880 plerisque,

1912 2916 2194 2955 murorum
2225 2904 2411 2969 templi
2447 2918 2709 2957 accessus
2741 2913 2888 2956 tutus
2932 2912 3071 2968 erat,
3113 2918 3287 2970 eoque
3319 2902 3485 2954 fuerit

1911 3008 2074 3062 opus,
2125 3003 2354 3047 externo
2397 2995 2506 3047 alio
2576 3009 2858 3046 murorum
2920 2993 3126 3046 ambitu
3161 3003 3187 3042 ιι
3218 3012 3229 3046 :
3261 3004 3486 3061 eratque

1914 3092 2166 3137 sanctum
2198 3099 2592 3154 magnumque,
2621 3093 2680 3139 ut
2707 3086 3028 3155 priusquam
3064 3099 3224 3138 sacra
3265 3086 3488 3138 contiu-

1915 3183 2127 3244 gerent,
2183 3177 2610 3239 mandarentur,
2670 3177 2886 3244 sibique
2969 3176 3143 3230 sacris
3205 3176 3487 3244 operaturi

1916 3266 2119 3335 przevia
2151 3268 2408 3322 cautione
2463 3269 2863 3337 prospicerent,
2890 3268 3078 3336 idque,
3124 3284 3245 3323 cum
3281 3269 3489 3322 umbrae

1917 3357 2096 3411 adhuc
2164 3360 2458 3424 servirent,
2515 3369 2678 3428 atque
2716 3376 2744 3413 a
2790 3361 3116 3430 ﬁguralibus
3169 3361 3492 3414 velamentis

1894 3437 2217 3518 'penderent
2255 3470 2266 3504 :
2301 3467 2464 3520 quam
2499 3468 2633 3520 rogo
2659 3455 2895 3506 maximo
2925 3453 3104 3505 studio
3130 3453 3263 3507 eniti
3295 3453 3494 3506 debue-

1919 3539 2051 3602 rint,
2093 3541 2236 3610 apud
2278 3558 2418 3611 quos
2463 3545 2708 3598 veritatis
2736 3545 2916 3598 lumen
2953 3545 3247 3608 inhabitat,
3291 3546 3384 3613 qui
3428 3545 3493 3597 ad

1923 3633 2274 3702 magnificum
2308 3634 2413 3688 hoe
2441 3649 2502 3688 ac
2540 3636 2862 3706 praegrandi:
2883 3637 3152 3690 donorum
3188 3637 3277 3690 Dei
3311 3637 3496 3688 taber-

1924 3726 2180 3780 naculum
2244 3726 2505 3781 accedere
2537 3727 2795 3781 festiuent
2849 3748 2862 3782 :
2915 3729 2980 3780 ad
3046 3728 3190 3796 quod
3236 3729 3494 3781 nimirtnn

1923 3821 2294 3874 occultissima
2316 3821 2544 3880 ratione,
2563 3834 2727 3889 supra
2748 3834 2909 3888 quam
2930 3819 3012 3873 vel
3030 3820 3238 3887 ceperit
3256 3820 3497 3884 animus,

1926 3913 2009 3966 vel
2044 3913 2229 3981 lingua
2276 3914 2640 3976 enarraverit,
2680 3927 2802 3967 sese
2846 3912 3185 3966 demissionc
3222 3925 3500 3964 evacuaus

1930 4008 2320 4076 peregrinatus
2345 4006 2438 4070 sit,
2473 4023 2534 4059 ae
2559 4006 2808 4076 Virginis
2841 4014 3082 4070 uterum,
3106 4005 3196 4073 qui
3221 4020 3487 4072 nusquam

1929 4104 2107 4166 potest
2144 4097 2290 4166 capi,
2325 4105 2382 4149 ut
2413 4095 2666 4166 capiente
2701 4112 2810 4150 non
2870 4104 3204 4157 arctaretur,
3239 4095 3501 4148 taberna-

1931 4189 2249 4243 culi-instar
2273 4189 2668 4243 inhabitaverit
2700 4207 2714 4244 :
2745 4197 2986 4252 uterum,
3013 4190 3253 4256 inquam
3279 4201 3500 4239 omnem

244 4277 478 4328 omnino
504 4274 558 4326 in
592 4282 714 4326 ortu
753 4273 1019 4342 positam,
1071 4270 1270 4325 eximia
1312 4284 1412 4324 sua
1455 4271 1725 4327 munditia
1758 4285 2110 4345 superantem
2143 4286 2443 4332 naturam:
2489 4293 2551 4332 ac
2604 4279 2732 4333 inde
2788 4294 2888 4332 ceu
2946 4294 3009 4333 ex
3052 4279 3235 4332 sacris
3275 4278 3502 4346 quibus-

245 4366 374 4422 dam
399 4366 798 4436 penetralibus,
847 4381 1001 4420 suam
1039 4366 1213 4435 ipsius
1250 4365 1497 4419 initiavit
1552 4368 1851 4440 docuitque
1887 4388 2131 4428 carnem.
2177 4372 2316 4440 Quis
2392 4375 2528 4429 ille?
2576 4375 2677 4440 Qui
2754 4374 3015 4428 nimirum
3074 4374 3226 4427 nullo
3277 4373 3502 4440 indiget,

247 4468 531 4531 totamque
578 4459 940 4516 nihilominus
970 4460 1074 4514 sibi
1129 4460 1326 4512 ascivit
1370 4467 1674 4515 extremam
1713 4465 2006 4520 humanam
2066 4468 2358 4522 vilitatem.
2400 4465 2458 4522 In
2516 4469 2618 4521 hoc
2644 4467 2933 4536 designato
2996 4468 3229 4534 fictoque
3300 4480 3327 4516 a
3394 4462 3503 4516 Deo

247 4553 632 4617 tabernaculo,
669 4553 753 4606 lex
815 4562 928 4606 tota
995 4561 1049 4606 et
1090 4553 1376 4622 prophetae
1421 4568 1481 4607 re
1517 4554 1634 4623 ipsa
1678 4559 1946 4626 completa
2008 4570 2162 4623 sunt,
2239 4576 2411 4630 eaque
2477 4561 2803 4615 umbratiles
2863 4559 3173 4627 liguralium
3249 4558 3501 4624 designa-

249 4648 465 4702 tionutn
503 4646 714 4709 formae,
757 4645 996 4715 speculis
1035 4646 1270 4699 veritate
1318 4644 1536 4710 solutis,
1585 4646 1892 4718 obscuratae
1945 4660 2096 4705 sunt.
2135 4651 2232 4708 llis
2274 4669 2442 4723 porro
2495 4653 2568 4706 ita
2595 4655 2744 4707 velut
2815 4655 2878 4704 ad
2953 4651 3226 4705 sermonis
3305 4653 3519 4717 pl'l’lll-_

248 4743 343 4798 dia
373 4742 510 4797 satis
547 4741 847 4805 enarratis,
908 4754 1007 4810 age
1050 4739 1237 4803 modo,
1280 4739 1464 4794 missis
1508 4741 1719 4810 liguris,
1801 4739 1869 4796 ad

247 4840 622 4905 penetremus.

321 4925 498 4994 Μέχρι
530 4924 638 4994 γάρ
664 4923 828 4988 τίνος,
865 4920 959 4975 τοῦ
985 4922 1147 4991 λόγου
1180 4924 1293 4986 τοῖς
1319 4922 1635 4992 προαυλίοις
1661 4923 1840 4978 ἐνδια-

1894 4929 1916 4986 )
2016 4925 2266 4992 Quaudin
2310 4927 2456 4981 enim
2488 4929 2636 4982 velut
2678 4927 2730 4981 in
2764 4927 3035 4981 sermonis
3065 4925 3348 4979 vestibulis
3398 4926 3508 4978 bat-

247 5015 550 5086 τρίσοντες,
599 5015 662 5068 τὸ
691 5015 799 5086 πρὸ
830 5013 934 5085 τῆς
965 5015 1176 5068 εἰσόδου
1206 5016 1403 5078 κάλλος
1451 5014 1830 5088 θαυμάζομεν,

1932 5027 2141 5083 rentes,
2184 5017 2577 5087 praeambulum
2618 5017 2887 5086 ingressui
2921 5015 3173 5070 decorem
3219 5015 3502 5078 miramur,

1964 4747 2248 4802 veritatem
2297 4747 2475 4818 ipsam
2525 4761 2909 4811 accurramus,
2960 4757 3120 4813 atque
3169 4748 3301 4798 adeo
3346 4745 3502 4814 adyta

247 5109 372 5177 tam
403 5110 499 5164 καὶ
537 5112 863 5164 συνεισιέναι
885 5112 950 5180 τῇ
975 5109 1159 5180 Μητρὶ
1182 5108 1278 5162 τοῦ
1299 5109 1495 5177 Λόγου,
1527 5109 1621 5164 καὶ
1644 5110 1704 5162 τὸ
1730 5109 1829 5163 κὰ-

245 5197 445 5270 λυμμα
472 5197 795 5270 διασχόντας
831 5200 912 5264 είς
943 5199 1012 5252 τὰ
1038 5199 1146 5252 τῶν
1178 5198 1349 5266 ἁγίων
1379 5198 1548 5266 Ἅγια
1582 5199 1835 5270 παρακύ-

244 5291 373 5362 ψαι,
405 5291 501 5345 καὶ
529 5290 806 5362 μυηθῆναι
837 5290 907 5344 τὰ
941 5289 1115 5360 μείζω
1144 5291 1239 5345 καὶ
1269 5289 1606 5356 salubrem;
1634 5290 1695 5342 Ei
1724 5290 1833 5362 γὰρ

245 5378 322 5433 τὰ
346 5379 616 5451 προαύλια
646 5378 779 5452 [τῶν
802 5380 974 5450 ἁγίων
991 5379 1240 5444 τοιαῦτα,
1272 5380 1366 5434 καὶ
1398 5380 1465 5433 τὰ
1491 5380 1829 5452 προπύλαια]

326 5567 355 5610 ι
385 5557 558 5616 Exod.
593 5577 706 5628 xu,
750 5559 838 5616 12.

915 5571 943 5613 ιι
969 5560 1169 5620 Ezech.
1199 5578 1290 5630 ιι,
1321 5563 1419 5636 l7;
1474 5581 1604 5631 stu,
1634 5566 1666 5618 7
1698 5581 1857 5636 seqq.

1931 5111 2134 5180 quibus
2174 5111 2334 5166 liceat
2383 5127 2507 5166 cum
2543 5111 2830 5166 Sermonis
2883 5109 3053 5164 Matre
3114 5125 3219 5162 una
3261 5109 3504 5180 ingredi,

1931 5201 2278 5270 disjectoque
2325 5203 2447 5256 velo
2499 5201 2553 5255 in
2612 5201 2810 5256 Sancta
2865 5207 3180 5254 sanctorum
3234 5199 3507 5267 paulisper

1934 5291 2161 5356 intueri,
2194 5307 2257 5347 ac
2283 5293 2491 5362 majora
2515 5293 2700 5351 doceri
2733 5303 2784 5348 et
2815 5289 3179 5364 perfectiora!
3205 5291 3337 5344 Cum
3362 5288 3504 5342 cnim

1933 5390 2085 5438 tanta
2142 5383 2252 5441 sint
2302 5394 2623 5458 sanqorum
2670 5386 2832 5450 atria,
2889 5393 3154 5454 tantoque
3211 5381 3412 5438 decore
3457 5386 3501 5433 et

1525 5715 1760 5772 vanae
1802 5685 2202 5778 LECTIONES.

318 5825 361 5853 "
397 5827 490 5884 tu.
528 5828 874 5902 προσσάλοις.
