4236 6440
248 434 371 503 1081

1267 427 1344 485 ΙΝ
1380 426 1919 487 DORMITIONEM
1961 428 2022 484 S.
2064 421 2348 481 MARLE.
2393 420 2473 478 II.

3344 410 3472 473 i082

250 546 411 596 ἱκτων
446 539 770 610 ἁπτόμενος.
805 533 900 599 Οἷς
941 536 1239 589 ἀπιστείτω
1273 536 1477 605 μηδεὶς,
1500 536 1587 588 τὸν
1604 535 1808 595 Ἠλίαν,
1841 541 1887 593 Α
1916 549 1923 586 ι

1797 572 1808 595 ,
1841 541 1887 593 Α
1916 534 2098 595 nibus,
2132 533 2177 586 is
2199 531 2293 599 qui
2319 530 2449 583 olim
2478 526 2637 580 ambo
2668 526 3005 588 devinxerat,
3038 525 3239 592 quique
3275 524 3470 575 iterum

244 634 338 685 xui
369 631 465 683 τὸν
514 628 683 697 Ἑνὼχ
723 628 1124 696 ἐνθυμούμενος
1148 628 1162 657 δ
1195 626 1243 677 οἳ
1275 626 1491 677 ἐπειδὰν
1529 625 1633 675 τῶν
1666 624 1806 691 δρω-

250 722 425 789 μένων
459 721 715 789 ὑπεράνω
749 719 1041 786 πεφήνασι,
1081 716 1342 784 μύσαντες
1374 716 1471 777 τὰς
1506 715 1806 782 αἰσθήσεις,

248 814 340 861 ;ει..“ι
368 812 470 871 ἔξω
504 810 703 878 σαρκὸς
733 810 829 860 καὶ
859 810 1062 874 κόσμου
1090 808 1391 873 γενόμενοι,
1438 809 1465 857 ὁ
1510 807 1607 874 μὲν
1636 803 1810 855 ἐπιδί-

250 923 423 969 (gn-Lg,
457 908 484 956 ὁ
520 906 573 957 δὲ
629 904 917 973 μετάρσιος
975 900 1432 970 ἀνηρπάσθησαν·
1482 898 1543 951 οὐ
1596 896 1811 959 διαζευ-

252 1004 482 1060 ,σίεντιυν
511 994 689 1050 αὐτοῖς
727 994 834 1043 τῶν
866 990 1065 1060 μερῶν·
1091 990 1150 1040 οὐ
1170 988 1543 1040 διαλυθέντων·
1577 986 1691 1037 ἀλλ’
1734 986 1813 1046 είς

248 1086 405 1151 δεῦρο
433 1085 538 1135 τῶν
568 1086 709 1152 ὅρων
734 1083 1088 1151 παραθέντων
1116 1081 1159 1112 ⁸⁵
1192 1080 1372 1139 αὐτοῖς
1399 1078 1498 1145 τῆς
1524 1076 1689 1143 ζωῆς,
1723 1074 1814 1135 οὓς

250 1178 377 1243 ἡμῖν
409 1176 439 1243 ἡ
474 1176 541 1226 τὰ
564 1174 656 1225 ὖλα
696 1173 869 1241 σοφῶς
896 1170 1200 1241 διορίζουσα
1230 1169 1527 1237 περιέπηξε
1561 1166 1813 1235 Πρόνοια·

251 1267 378 1334 παρ’
415 1262 479 1336 ἧς
539 1269 631 1316 καὶ
681 1266 748 1316 τὰ
798 1264 963 1316 πάλαι
998 1264 1091 1315 καὶ
1121 1264 1214 1314 νῦν
1267 1260 1519 1329 ἐμφερῶς
1563 1259 1677 1327 ἅμα
1725 1258 1816 1309 καὶ

251 1356 603 1425 καταλλὴλως
634 1355 898 1407 τυποῠται
931 1356 1022 1405 καὶ
1069 1354 1394 1419 διεξάγεται.
1426 1350 1533 1402 Καὶ
1565 1350 1610 1400 εί
1648 1348 1818 1417 μικρά

251 1465 313 1513 γε
343 1448 510 1499 ταῦτα
529 1446 661 1515 πρὸς
685 1444 1032 1514 παράδειγμα
1052 1443 1146 1510 τῆς
1168 1442 1255 1505 ὑφ’
1277 1439 1432 1509 ἡμῶν
1454 1437 1816 1506 ὑμνουμένης,

252 1537 475 1606 ἀρκέσει
509 1537 638 1603 γοῦν
668 1536 804 1603 αὑτὴ
843 1536 1006 1601 ἑαυτῇ
1042 1532 1110 1584 τὰ
1143 1534 1315 1583 οἰκεῖα
1362 1527 1725 1599 συγκρίνουσά
1761 1543 1818 1577 τε

253 1631 347 1681 καὶ
382 1628 831 1698 προσεικάζουσα.
865 1623 1172 1689 Σκοπητέον
1203 1623 1257 1673 δὲ
1289 1624 1337 1672 εί
1374 1620 1555 1685 μεῖζον
1598 1622 1655 1670 ὲν
1691 1617 1822 1670 θαύ-

257 1735 419 1787 μασιν
441 1715 814 1787 εὑρεθήσεται,
842 1714 935 1766 τοῦ
965 1713 1279 1784 παραδόξως
1304 1712 1361 1765 ἐν
1383 1696 1518 1781 αὐτῇ
1546 1707 1822 1761 τελεσθέν-

254 1826 363 1870 τος.
426 1808 607 1876 Νόμος
655 1806 769 1876 ἥλω
806 1804 1032 1873 φυσικὸς
1081 1805 1344 1873 ἁτονήσας
1380 1802 1478 1869 ὀψὲ
1526 1800 1620 1854 καὶ
1675 1799 1823 1867 μόλις

1911 637 1940 673 ιι
1978 621 2270 677 solutione.
2306 615 2549 671 devinxit
2581 633 2593 668 :
2648 614 2756 668 nisi
2801 629 2921 682 ego,
2978 613 3297 666 inconcessa
3334 624 3472 678 pra:-

1912 728 2153 772 sumens,
2206 708 2527 763 temerarius
2563 720 2703 759 sum.
2752 705 2827 758 Ac
2862 718 3021 757 nemo
3053 701 3212 756 ﬁdem
3246 701 3471 762 abnuat,

1913 804 2003 873 qni
2036 803 2205 856 Eliam
2240 809 2292 855 et
2335 798 2519 851 Enoch
2562 798 2782 864 cogitet.
2820 793 2857 845 Ii
2883 833 2896 855 ,
2930 792 3074 861 quod
3121 792 3287 845 rebus
3344 790 3476 845 sub-

1910 895 2069 964 jectis
2128 891 2301 945 oculis
2359 887 2671 957 superiores
2732 883 2835 937 visi
2889 890 3096 945 essent,
3157 881 3250 934 ubi
3280 894 3482 935 sensus

1916 984 2268 1044 clausissent,
2303 996 2366 1033 ac
2406 994 2576 1033 carne
2605 986 2656 1031 et
2689 976 2891 1029 mundo
2919 972 3309 1032 excessissent,
3342 971 3479 1023 alter

1917 1075 2133 1144 quidem
2164 1086 2329 1124 curru
2370 1071 2687 1129 subvectus,
2727 1068 2865 1119 alter
2892 1064 3127 1117 sublime
3172 1061 3349 1114 elatus
3390 1074 3480 1113 ra-

1917 1166 1992 1233 pti
2021 1171 2148 1217 sunt
2185 1163 2203 1197 ί
2241 1179 2253 1213 :
2291 1174 2397 1213 non
2431 1158 2664 1227 partium
2701 1156 2931 1207 invicem
2971 1152 3345 1220 disiunctione
3388 1164 3479 1202 re-

1919 1257 2102 1316 soluti.
2159 1256 2250 1308 sed
2320 1253 2447 1304 vita:
2506 1248 2775 1309 terminis,
2805 1260 2946 1313 quos
3012 1243 3172 1297 nobis
3220 1241 3336 1295 ﬁxit
3387 1239 3482 1293 Dei

1918 1344 2279 1417 providentia,
2323 1356 2442 1410 quzc
2483 1339 2759 1406 sapienter
2795 1334 2989 1388 diﬂinit
3030 1332 3236 1393 omnia,
3270 1339 3484 1384 vetcra-

1919 1455 2023 1509 que
2053 1446 2105 1492 et
2145 1451 2282 1490 nova
2340 1441 2595 1486 accurate
2618 1428 2822 1499 pariter
2850 1438 3199 1494 congrneqne
3235 1423 3484 1488 designat

1920 1540 2082 1598 atque
2112 1530 2402 1599 gubernat,
2437 1525 2499 1576 ad
2531 1522 2669 1574 hanc
2708 1534 2881 1586 usque
2923 1517 3066 1569 diem
3110 1514 3358 1584 prolatis.
3388 1511 3484 1565 Sin

1922 1638 2049 1676 vero
2100 1622 2218 1673 haec
2270 1616 2488 1672 modica
2515 1612 2825 1673 videantur,
2884 1610 2951 1661 ad
2998 1608 3120 1675 ejus
3176 1606 3485 1670 exemplum

1923 1715 2082 1782 cujus
2114 1711 2453 1765 celebramus
2485 1720 2701 1767 nomen,
2762 1704 2878 1770 ipsa
2916 1715 3048 1754 sane
3098 1699 3203 1753 sibi
3254 1707 3332 1751 sat
3362 1697 3486 1759 erit,

1928 1821 2025 1861 sua
2057 1803 2228 1873 ipsius
2260 1813 2587 1866 comparans
2615 1812 2679 1848 ac
2709 1793 3049 1847 assimilans.
3086 1788 3218 1843 Vide
3244 1790 3386 1842 enim
3420 1803 3489 1840 an

254 1897 454 1952 πεσών,
485 1873 701 1966 όῖχεται
734 1896 868 1965 πρὸς
904 1896 1101 1966 ἀργίαν
1147 1893 1409 1962 ὁλοσχερῆ
1460 1893 1554 1943 xai.
1594 1890 1822 1957 ἀνατρο-
1856 1873 1898 1926 Β

1819 1919 1822 1925 ι
1856 1873 1898 1926 Β
1931 1896 2110 1963 majus
2137 1891 2467 1945 miraculum
2496 1887 2671 1955 possit
2693 1884 2951 1945 inveniri,
2973 1896 3135 1950 quam
3158 1878 3303 1948 quod
3331 1878 3492 1930 mira-

256 1989 364 2055 πὴν
420 1984 663 2056 ήπικρὰ
711 1984 803 2036 τοῦ
850 1984 1077 2036 θανάτου
1120 1982 1404 2049 καταδίκη.
1448 1981 1674 2032 Δέλυται
1726 1977 1823 2046 τῆς

255 2075 445 2143 ἀρεῖςή
479 2072 720 2141 δύναμις.
768 2071 903 2123 Ἀλλ’
936 2073 1037 2125 οὑκ
1079 2072 1143 2125 ἂν
1174 2070 1394 2139 ἐνίκησέ
1434 2087 1516 2132 τις
1551 2069 1618 2121 τὰ
1656 2067 1822 2121 πάλαι

254 2163 587 2234 διορισθέντα
631 2163 777 2232 παρὰ
835 2149 989 2214 Θεοῦ·
1029 2160 1103 2231 μὴ
1152 2162 1271 2229 οὐχὶ
1323 2158 1456 2212 Θεοῦ
1489 2158 1628 2210 κατὰ
1664 2156 1824 2224 φύσιν

256 2257 616 2324 ὑπάρχοντος,
665 2254 759 2306 τοῦ
816 2253 1234 2322 μεταποιοῦντος
1283 2251 1459 2303 πάντα
1517 2250 1609 2302 καὶ
1662 2264 1825 2315 μετα-

256 2340 601 2404 πλάττοντος,
637 2340 713 2410 τῷ
743 2341 923 2410 οἰκείῳ
945 2343 1043 2410 τῆς
1067 2341 1397 2409 ἁγαθότητος
1416 2338 1663 2407 νεύματι.
1684 2336 1824 2407 Πρέ-

256 2449 347 2485 πει
379 2432 422 2486 δ’
451 2432 518 2488 ἂν
560 2434 844 2505 ἀραρότως
901 2432 1072 2502 αὐτῷ,
1121 2433 1217 2485 καὶ
1260 2434 1329 2485 τὰ
1386 2430 1479 2485 νῦν
1523 2431 1616 2484 ἐπὶ
1646 2429 1828 2500 Μητρὶ

255 2524 669 2595 καινουργῆσαι.
706 2523 880 2589 Δείξει
935 2525 1043 2595 γὰρ
1095 2524 1236 2578 οὑτω
1274 2523 1349 2595 μὴ
1403 2524 1559 2592 μόνον
1597 2523 1829 2591 Μητέρα

254 2617 399 2670 κατὰ
432 2617 591 2685 φύσιν
611 2612 774 2670 οὖσαν
799 2616 987 2681 αὑτοῦ,
1016 2617 1152 2669 ἀλλὰ
1196 2618 1291 2669 καὶ
1319 2617 1416 2685 τὴν
1451 2615 1510 2679 ἐξ
1554 2614 1721 2682 αὐτῆς
1749 2614 1829 2666 ol-

258 2709 520 2776 κονομίαν
552 2705 905 2771 πιστώσεται,
938 2707 1061 2761 καθ’
1098 2707 1168 2777 ἢν
1206 2707 1438 2777 μάλιστα
1463 2707 1587 2769 τοὺς
1620 2703 1829 2757 ἑαυτῶν

262 2798 700 2868 μυστικωτέρους
731 2797 943 2866 λόγους,
965 2797 1043 2869 τῷ
1075 2799 1195 2851 καθ’
1225 2799 1496 2868 ὑπεροχὴν
1534 2794 1830 2865 ὑπεραίρο-

262 2905 365 2959 μεν
392 2888 579 2959 τρόπῳ
613 2906 625 2918 ·
654 2889 776 2943 καθ’
818 2890 884 2959 ἦν
909 2891 936 2942 ὁ
966 2888 1273 2959 ζωαρχικὸς
1304 2888 1634 2956 εἰσπηδήσας
1662 2886 1831 2954 Λόγος

258 2976 359 3049 τὴν
385 2978 556 3048 αὐτῆς
621 2980 992 3050 ἀπερίληπτον
1031 2980 1205 3051 ὑπέϐη
1250 2979 1431 3048 νηδὺν,
1475 2980 1570 3031 καὶ
1605 2976 1705 3047 τὴν
1737 2979 1831 3029 ἁν-

261 3067 481 3138 θρώπου
511 3067 673 3137 φύσιν
701 3069 987 3122 ἀναλαΰὼν
1014 3069 1354 3139 ὑπερουσίως
1378 3070 1510 3137 ἡμῖν
1545 3068 1828 3135 ὑπέσχετο.

1926 1987 2021 2043 bili
2057 1984 2270 2039 ratione
2307 1982 2359 2035 in
2391 1995 2451 2033 ea
2487 1983 2933 2032 consummatum
2974 1972 3094 2027 fuit.
3122 1970 3341 2024 Viribus
3376 1980 3494 2022 tan.

1926 2081 2045 2134 dem
2096 2077 2307 2132 minuta
2341 2079 2551 2126 naturae
2590 2070 2673 2123 lex
2708 2074 2963 2137 superata
3000 2073 3103 2128 est,
3153 2064 3352 2130 vixque
3394 2062 3493 2113 ali.

1927 2169 2145 2242 quando
2197 2162 2460 2220 concidit.
2509 2160 2637 2213 Abit
2676 2157 2903 2211 omnino
2934 2168 3090 2208 cassa
3137 2164 3403 2219 versaque
3441 2149 3494 2201 in

1926 2259 2289 2319 contrarium,
2326 2267 2509 2307 amara
2565 2249 2756 2302 mortis
2807 2246 3116 2303 damnatio.
3174 2243 3365 2297 Soluta
3415 2250 3499 2295 est

1926 2358 2012 2411 vis
2057 2347 2484 2407 maledictionis.
2548 2343 2840 2397 Enimvero
2889 2338 3076 2394 nullus
3155 2332 3500 2405 superaverit

1930 2445 2025 2499 Dei
2058 2442 2185 2498 olim
2218 2440 2442 2495 decreto
2487 2441 2717 2498 statuta,
2750 2447 2818 2486 ne
2849 2431 2966 2500 ipse
2990 2427 3207 2498 quidem
3236 2425 3327 2495 qui
3354 2430 3501 2479 esset

1928 2537 2073 2593 Deus
2097 2541 2313 2595 natura,
2336 2529 2541 2600 quique
2572 2541 2683 2582 sum
2708 2524 2881 2596 ipsius
2911 2522 3170 2577 bonitatis
3193 2527 3350 2582 nutu,
3380 2530 3503 2570 om-

1931 2632 2022 2686 nia
2068 2629 2323 2682 immutat
2355 2630 2519 2692 atque
2570 2618 2952 2673 transformat.
3007 2613 3272 2683 Congruit
3321 2620 3503 2664 autem

1932 2733 1991 2779 ut
2029 2735 2115 2776 res
2143 2718 2353 2780 Matris,
2396 2729 2503 2785 qua
2563 2726 2691 2766 suas
2737 2709 2971 2785 ηιίιιιιε,
3011 2706 3237 2760 molitus
3281 2703 3372 2757 sit.
3412 2701 3504 2755 Sic

1932 2814 2077 2870 enim
2120 2826 2224 2866 non
2250 2815 2462 2861 tantum
2494 2818 2649 2858 suam
2679 2795 3000 2871 probaveﬂt
3041 2795 3503 2856 Matrem,vcrum

1933 2906 2097 2960 etiam
2127 2898 2447 2955 oeconomiae
2471 2911 2535 2950 ex
2575 2908 2638 2947 ea
2679 2891 2969 2945 veritatem
3015 2884 3310 2942 astruxerit
3344 2901 3355 2935 :
3401 2896 3504 2950 qua

1936 2993 2174 3050 maxime
2246 2986 2616 3058 spiritaliores
2699 2994 2984 3036 sermones
3046 2985 3300 3037 nostros,
3362 2972 3504 3025 modi

1937 3082 2260 3141 excellentia
2298 3074 2817 3148 superextollimus;
2848 3085 2955 3141 qua
2994 3068 3119 3122 vitae
3150 3076 3342 3121 auctor
3372 3062 3506 3119 Ver-

260 3160 363 3213 Διὰ
387 3160 545 3213 τοῦτο
570 3160 637 3212 τὰ
666 3161 833 3215 πάλαι
889 3162 986 3229 μὲν
1022 3162 1109 3214 ἐπ’
1144 3162 1279 3228 αὐτῇ
1312 3159 1651 3221 τελεσθέντα,
1700 3157 1834 3225 πρὸς
1861 3187 1902 3241 C

1831 3175 1902 3241 ’ς
1938 3177 2064 3229 bum
2117 3170 2393 3231 insiliens,
2428 3164 2825 3233 amplissimum
2870 3160 2991 3229 ejus
3027 3168 3245 3212 uterum
3283 3154 3504 3217 subivit,

261 3251 418 3321 ἡμῶν
438 3250 495 3303 δὲ
534 3251 627 3303 νῦν
656 3252 1071 3321 εὐφημούμενα,
1110 3250 1212 3303 κᾶν
1249 3249 1529 3318 παράδοξά
1557 3267 1671 3311 πως
1696 3243 1830 3299 εἶναι

261 3342 430 3409 δοκεῖ,
456 3343 685 3411 καὶ-τῶν
714 3344 971 3413 ἐμφύτων
1008 3340 1635 3413 ἀιμιῃειισμέναμδεσμῶν,
1697 3338 1838 3391 κατὰ

260 3435 396 3503 γοῦν
426 3435 517 3488 τδν
556 3436 815 3506 ὑπερφυᾶ
842 3438 941 3505 τῆς
983 3436 1262 3506 ἀφράστου
1310 3434 1606 3504 κυοφορίας
1657 3433 1835 3498 λόγον,

262 3525 488 3589 εἰκότως
517 3526 582 3579 ἂν
612 3529 698 3581 ἐπ’
730 3529 898 3598 αὐτῆς
921 3529 1019 3597 τὴν
1042 3527 1318 3596 ἀναφορὰν
1352 3527 1671 3579 εὐεπίϐατον
1705 3524 1835 3587 ἔξει.

262 3619 438 3681 Άὺτὸς
464 3615 559 3672 οὖν
582 3616 648 3690 ἦν
667 3621 773 3691 ἄρα
814 3622 907 3674 καὶ
938 3621 1194 3690 τηνικάδε
1228 3619 1417 3690 παρὼν
1457 3621 1483 3670 ό
1508 3619 1698 3684 Λόγος,
1746 3617 1839 3669 καὶ

265 3706 417 3775 νόμῳ
444 3708 657 3771 παύσας
686 3711 775 3761 τὸν
820 3709 1251 3780 ἁπλεονέκτητον
1282 3708 1373 3762 τοῦ
1400 3707 1629 3761 θανάτου
1654 3707 1837 3775 νόμον.

264 3792 375 3850 Ἦν
404 3794 498 3853 οὖν
526 3800 705 3871 θέαμα
735 3803 917 3855 καινὸν
951 3802 1166 3871 ἀληθῶς
1201 3803 1296 3855 καὶ
1328 3803 1608 3870 λογισμοῖς
1648 3799 1839 3854 ἀνεπίο

266 3888 429 3943 6ατον
466 3910 478 3923 ·
521 3894 657 3963 γυνὴ
696 3894 801 3947 τῶν
848 3895 1089 3963 οὐρανῶν
1144 3894 1428 3962 ὑπερεᾶσο.
1460 3895 1559 3963 τὴν
1588 3892 1747 3960 φύσιν
1777 3894 1840 3959 τῇ

266 3980 625 4054 καθαρότητι,
662 3986 769 4038 τῶν
802 3987 859 4039 ὲν
908 3988 1164 4056 οὐρανοῖς
1199 3986 1403 4039 ἀδύτων
1435 3982 1842 4055 σκηνοϐατοίσςα

266 4068 336 4121 τὰ
358 4070 511 4139 ἆγια·
550 4075 846 4141 Παρθένος,
872 4076 1042 4144 αὑτὴν
1079 4076 1431 4145 ὑπερνικῶσα
1452 4075 1559 4126 τῶν
1595 4075 1843 4142 Σεραςὶμ

266 4163 365 4234 τὴν
401 4163 562 4232 φύσιν
593 4164 670 4233 τῷ
695 4167 791 4233 τῆς
814 4166 1089 4231 θεογονίας
1123 4166 1383 4233 θαύματι,
1414 4168 1477 4233 τῇ
1517 4164 1710 4233 πρώτῃ
1747 4164 1845 4230 φύ-

269 4272 374 4320 σει,
431 4256 549 4325 Θεῷ
600 4256 675 4326 τῷ
734 4258 952 4310 πάντων
1002 4257 1395 4326 γενεσιουργῷ,
1445 4256 1839 4327 πλησιάζουσα·

265 4346 487 4415 Μήτηρ,
508 4345 637 4397 αὐτὸ
664 4345 894 4398 τεκοῦσα
917 4341 975 4395 τὸ
1004 4346 1121 4416 ζῇν,
1143 4348 1331 4414 ὲφάμι)
1346 4346 1435 4398 λον
1468 4348 1545 4413 τῷ
1577 4349 1721 4414 τόκῳ
1751 4346 1842 4397 τού

268 4434 384 4503 βίου
415 4433 565 4495 τέλος
599 4434 954 4503 προΐσχουσα,
1001 4436 1098 4487 καὶ
1123 4436 1182 4487 τὸ
1213 4436 1398 4505 θαῦμα
1440 4436 1575 4488 Θεοῦ
1609 4438 1702 4488 καὶ
1752 4437 1845 4486 πε-

1940 3270 2387 3331 assnmptamque
2436 3259 2728 3311 humanam
2780 3262 3055 3315 naturam,
3110 3248 3290 3303 altiori
3350 3247 3511 3301 nobis

1942 3372 2107 3423 supra
2158 3362 2419 3407 naturam
2477 3350 2642 3403 modo
2695 3344 3045 3401 sustentavit.
3114 3339 3509 3405 Quamobrem,

1941 3447 2042 3501 etsi
2078 3446 2207 3498 olim
2249 3446 2303 3496 in
2336 3458 2397 3497 ea
2429 3447 2809 3495 consummata
2842 3450 2905 3490 ac
2950 3436 3095 3489 clara
3124 3447 3153 3486 a
3209 3430 3371 3485 nobis
3421 3430 3516 3483 im-

1942 3536 2355 3605 prtesentiarum
2407 3532 2548 3585 fatua
2600 3528 2875 3583 celebrata
2913 3540 3050 3579 nova
3098 3522 3407 3582 videantur,
3453 3534 3517 3573 ac

1944 3637 2155 3681 natura:
2186 3626 2397 3695 legibus
2429 3622 2740 3691 superiora,
2770 3619 2968 3673 merito
3013 3624 3223 3679 tamen,
3256 3613 3518 3681 nulloque

1943 3720 2182 3789 negotio,
2222 3724 2466 3786 spectata
2500 3713 2734 3767 mirabili
2794 3718 2985 3779 partus
3020 3708 3257 3770 ratione,
3302 3704 3520 3759 licuerit

1946 3814 1997 3867 in
2035 3828 2151 3866 eam
2194 3810 2417 3863 referre.
2450 3807 2632 3874 Ipsum
2666 3806 2851 3874 itaque
2912 3800 3153 3857 Verbum
3193 3808 3247 3855 et
3279 3811 3520 3869 praesens

1945 3920 2039 3972 per
2073 3903 2124 3953 id
2160 3911 2372 3968 tempus
2406 3898 2538 3959 fuit,
2600 3912 2662 3949 ac
2700 3897 2818 3965 lege
2874 3894 3071 3947 mortis
3121 3893 3291 3960 legem
3331 3887 3519 3941 violari

1947 3994 2185 4046 nesciant
2237 3990 2477 4044 abolevit
2536 3986 2664 4041 Erat
2693 4001 2825 4055 ergo
2866 3985 3023 4054 plane
3058 3996 3261 4035 novum
3301 3987 3520 4048 specta-

1945 4085 2148 4147 culum,
2197 4081 2452 4151 quodque
2487 4079 2717 4132 rationis
2756 4076 2863 4129 vim
2899 4075 3221 4137 excederet,
3265 4080 3323 4125 ut
3361 4068 3525 4123 nimi-

1948 4191 2063 4227 rum
2098 4174 2318 4233 mulier,
2343 4185 2464 4238 ηυδε
2490 4169 2755 4222 caelorum
2790 4171 3039 4219 naturam
3061 4162 3299 4231 puritate
3331 4172 3524 4228 super-

1944 4279 2127 4334 gressa
2160 4269 2328 4324 esset,
2382 4259 2693 4315 ccelcstium
2746 4257 3032 4324 atlytorum
3083 4259 3296 4312 sancta,
3339 4248 3526 4301 taber-

1946 4357 2201 4410 naculum
2228 4352 2527 4411 devchens,
2559 4365 2622 4403 ac
2637 4362 2867 4416 corpore
2890 4353 3202 4415 penetraret
3225 4358 3239 4405 ;
3266 4347 3326 4394 ut
3352 4340 3522 4410 virgo,

1950 4448 2040 4500 Dei
2071 4456 2260 4515 partus
2294 4444 2562 4497 miraculo
2597 4439 2956 4507 Seraphicatn
2990 4436 3218 4489 vincens
3246 4438 3527 4498 naturamt

267 4539 439 4584 στεως
478 4523 645 4587 ἄξιον.
678 4524 764 4585 Ὠς
783 4525 888 4592 γὰρ
922 4524 1274 4595 τικτούσηςὴ
1306 4529 1467 4595 νηδὺς
1500 4528 1559 4577 ού
1588 4526 1839 4594 διέφθειρ-
1877 4547 1917 4600 ι)

1877 4547 1917 4600 1)
1950 4540 2135 4610 prima:
2192 4537 2266 4591 illi
2326 4543 2564 4597 naturzc,
2630 4532 2775 4593 Deo,
2842 4532 3087 4598 inquam,
3145 4525 3525 4577 universorum

265 4632 348 4678 το,
387 4614 529 4667 οὔτω
552 4614 818 4685 θανούσης
847 4618 879 4685 ἡ
914 4614 1050 4685 σὰρξ
1073 4619 1133 4670 οὐ
1165 4619 1435 4671 διόλωλεν.
1470 4621 1532 4669 Ὢ
1580 4620 1685 4669 τῶν
1715 4620 1845 4669 θαύ-

269 4707 486 4774 μάτωνι
531 4707 587 4759 '0
619 4707 775 4769 τόκος
824 4708 1047 4776 διέφυγε
1079 4709 1176 4779 τὴν
1223 4710 1451 4781 φθορὰν,
1483 4714 1575 4762 καὶ
1626 4715 1652 4764 ο
1678 4713 1844 4778 τὰςος

265 4799 367 4868 τὴν
413 4799 714 4869 διαφθορὰν
759 4802 818 4852 ού
862 4804 1197 4870 προσήκατο·
1253 4800 1358 4855 τῶν
1405 4805 1513 4874 γὰρ
1559 4804 1720 4855 ὁσίων
1750 4806 1845 4871 οὐχ

265 4888 519 4942 ἅπτεται.
560 4891 656 4951 Τίς
706 4892 738 4959 η
775 4890 1066 4956 ἀπόδειξις,
1122 4892 1261 4945 εἴπω
1303 4893 1595 4962 βούλεσθε;
1640 4897 1729 4945 καὶ
1772 4896 1843 4962 μή

269 4998 361 5051 μοι
392 4980 501 5033 τῶν
537 4983 817 5051 παρόντων
866 4985 1263 5038 ἐπισκωπτέτω
1293 4987 1372 5049 τίς
1406 5004 1521 5049 πως
1558 4987 1616 5038 τὸ
1654 4988 1842 5055 μνῆμα

276 5072 442 5125 κενόν.
476 5072 895 5142 Προσερήσομαι
941 5075 1048 5143 γὰρ
1078 5076 1243 5143 ὑμᾶς·
1278 5077 1400 5139 Πῶς
1438 5080 1465 5130 ό
1492 5078 1683 5147 νεκρὸς
1712 5079 1843 5144 ἀφα-

264 5163 391 5233 νής;
422 5162 544 5224 Πῶς
580 5164 679 5215 οὐκ
708 5166 766 5215 ὲν
797 5167 975 5233 σοροίς
999 5165 1066 5218 τὰ
1096 5166 1359 5235 ἐντάφια;
1394 5169 1443 5220 εί
1474 5169 1548 5238 μὴ
1598 5168 1694 5237 τὴν
1725 5170 1839 5222 δια»

342 5278 360 5314 ι
397 5275 461 5332 ιν
500 5278 633 5349 Reg.
671 5295 731 5345 ιι,
764 5281 863 5347 ll;
901 5279 1035 5335 Gen.
1074 5299 1124 5347 v,
1152 5283 1243 5337 24.

1946 4632 2193 4693 auctori,
2254 4644 2313 4683 se
2371 4628 2596 4697 propius
2648 4625 3009 4693 adjnngeret;
3064 4627 3123 4673 ut
3180 4614 3349 4669 Mater
3408 4626 3529 4681 qua:

1957 4724 2123 4776 vitam
2145 4721 2466 4790 peperisset,
2494 4719 2760 4786 aequalem
2784 4716 2962 4785 partui
2998 4716 3120 4766 vita:
3153 4706 3528 4771 tinem,tnira-

1945 4814 2241 4881 culumque
2299 4810 2406 4865 Deo
2452 4820 2504 4862 et
2565 4810 2667 4863 lide
2724 4810 2951 4872 dignum
3006 4804 3392 4874 przetenderet.
3457 4797 3528 4852 Ut

1946 4905 2089 4959 enim
2130 4904 2353 4957 minimc
2407 4912 2703 4967 corruptus
2748 4909 2832 4953 est
2881 4897 3143 4966 parientis
3178 4902 3394 4952 uterus,
3451 4891 3527 4943 ita

1952 5011 2050 5051 nec
2078 4995 2287 5049 interiit
2310 4993 2585 5049 defuncta:
2609 5007 2758 5047 cato.
2793 4991 2837 5043 ί)
2861 4988 3139 5043 mirandas
3168 4987 3288 5040 res!
3329 4969 3529 5038 Partus

1951 5086 2176 5140 omnino
2252 5086 2663 5156 corruptionem
2723 5082 2973 5153 eﬂugit;
3042 5096 3143 5135 nec
3218 5076 3529 5146 sepulcrum
3580 5143 3583 5145 ς

1950 5177 2096 5231 illam
2131 5192 2160 5231 a
2193 5186 2369 5232 morte
2424 5186 2723 5232 extremam
2760 5173 3169 5244 corruptionem
3211 5169 3322 5238 (90)
3357 5167 3533 5222 admi-

1541 5400 1769 5456 VARIAS
1812 5400 2216 5459 LECTIONES.

344 5488 388 5523 "
426 5492 525 5545 ἀλ.
560 5492 1097 5563 παραπεμφθέντων.

1578 5594 1967 5650 COMBEFiSlI
1993 5593 2220 5649 NOTAE.

307 5755 316 5764 _
350 5681 459 5751 (90)
483 5682 643 5764 illam
700 5702 731 5737 a
766 5694 931 5764 morte
956 5696 1272 5764 ‘extrcmtzm
1310 5690 1716 5756 corruptionem.
1761 5687 1848 5740 Sic

269 5754 766 5835 cifctlltttloquitnur
811 5757 909 5835 τὸ,
950 5758 1281 5835 διαφθορὰν,
1335 5754 1478 5828 quod
1516 5760 1687 5813 saneti
1740 5772 1841 5809 nun

272 5824 571 5883 admittunt
608 5826 661 5880 in
707 5826 913 5883 Christi
959 5838 1012 5883 et
1049 5824 1229 5884 Maria:
1272 5824 1455 5896 carne,
1480 5830 1635 5899 juxta
1677 5829 1859 5901 verba

1958 5686 2102 5739 Psal.
2148 5701 2212 5737 xv
2248 5685 2413 5737 relata
2468 5683 2519 5735 in
2552 5682 2833 5736 Christum
2884 5695 2911 5732 a
2947 5679 3010 5731 D.
3050 5678 3349 5729 PctroAt-t.
3392 5690 3446 5731 ιι,
3478 5676 3529 5724 in

1958 5775 2058 5824 qua
2090 5767 2290 5818 tamen,
2325 5770 2429 5806 non
2472 5765 2552 5806 est
2582 5753 2889 5823 neganduiu
2924 5752 2983 5801 τὸ
3016 5748 3219 5824 φθορά·
3255 5756 3306 5824 et
3337 5762 3527 5798 corru-

1950 5818 2065 5897 ptio
2110 5829 2308 5896 aliqua,
2335 5825 2515 5895 qualis
2548 5836 2597 5880 et
2636 5818 2811 5879 morte
2844 5832 2892 5878 et
2927 5820 3183 5891 passione
3215 5818 3344 5883 luit;
3385 5819 3531 5869 nulla
