4236 6440
319 428 456 506 1085

1340 450 1420 509 ΙΝ
1455 453 1989 513 DORMITIONEM
2024 458 2083 516 S.
2131 460 2414 523 MARIIE.
2459 465 2531 521 Il.

3414 471 3546 537 1085

314 548 446 641 οχέα
484 546 582 617 τῆς
607 548 861 614 κτίσεως,
904 552 961 603 ἐν
994 553 1175 622 μήτρα
1203 555 1580 626 οἰκονομικῶς,
1604 560 1666 610 ἐκ
1701 559 1878 628 ζύμης
1908 567 1941 623 Α

1943 588 1953 623 ι
1983 562 2111 628 lam,
2140 564 2341 618 eximia
2370 569 2522 635 plane
2559 570 2872 641 divinaque,
2909 573 3027 641 ejus
3079 583 3542 629 saermnentornm

311 631 404 683 τοῦ
422 634 715 702 Ἀδαμαίυυ
743 638 1062 709 φυράματος
1079 640 1504 713 ἀρτοποιηθέντα
1526 646 1844 715 βαστάσασα
1863 666 1876 680 ·

309 720 402 771 τὸν
430 723 557 783 τοὺς
611 724 769 794 ίερῶς
808 728 1132 796 προσιόντας
1164 730 1343 800 αὐτῷ,
1385 734 1520 802 πρὸς
1559 737 1879 805 καινοτέραν

312 808 456 878 ζωὴν
500 813 842 879 ἐπανάγοντα
871 817 965 869 καὶ
1010 818 1274 883 Θεοτελεῖς
1309 823 1700 892 ἐργαζόμενον,
1814 828 1877 898 δὴ

306 901 494 970 τρόπῳ
516 906 608 955 κα)⁵
638 905 993 977 ἀνακαθαίρει
1016 910 1237 974 τούτους
1265 915 1357 965 καὶ
1386 915 1721 981 ἀθανατίζει,
1753 921 1877 983 τοὺς

306 993 448 1044 κατά
483 996 699 1061 μέθεξιν
726 999 821 1067 τῆς
851 1002 986 1070 πρὸς
1024 1004 1185 1057 αὑτὸν
1216 1006 1294 1075 τῷ
1331 1007 1444 1059 ὄντι
1479 1013 1877 1081 καινοπρεπούς

304 1086 587 1145 κοινωνίας
634 1090 1041 1160 οἰκειουμένους
1088 1095 1256 1163 αὐτῷ.
1294 1098 1355 1147 Ἃ
1393 1098 1448 1150 δὲ
1478 1101 1603 1160 τοὺς
1640 1102 1874 1170 ἐραστὰς

304 1175 460 1245 ἐστιᾷ
490 1180 773 1248 προδήλως
802 1183 971 1235 ταῦτά
989 1185 1104 1237 ἐστι
1127 1201 1138 1213 ⁸
1167 1186 1235 1239 τὰ
1262 1187 1328 1238 δι’
1354 1181 1428 1239 ὧν
1456 1190 1484 1238 ὁ
1518 1188 1629 1258 βίος
1666 1192 1874 1255 ἐκεῖνος

304 1267 633 1335 συνέστηκεν
658 1286 671 1299 ’
702 1272 730 1321 6
781 1273 1097 1345 ὑπερφερής
1142 1293 1200 1327 τε
1250 1278 1342 1329 καὶ
1371 1280 1636 1348 ἄρρητος·
1673 1283 1767 1333 καὶ
1811 1275 1870 1334 οὗ

305 1357 466 1424 μηόὶν
497 1360 602 1410 τῶν
634 1362 691 1411 ἐν
713 1365 776 1432 τῇ
812 1364 987 1416 κτίσει
1015 1368 1401 1436 θεωρουμένων
1442 1370 1586 1422 ἐστὶν
1609 1371 1870 1440 ὑψηλότε-

304 1464 393 1514 ρον
414 1465 429 1478 ’
460 1449 582 1499 καθ’
613 1450 670 1501 ὃν
707 1454 734 1503 6
770 1456 948 1524 πάσης
980 1456 1258 1525 θεολογίας
1295 1459 1571 1522 ἐπέκεινα,
1599 1463 1665 1512 δι’
1697 1464 1869 1533 ἀπορ-

303 1538 465 1605 ρήτου
511 1540 811 1603 κενώσεως,
842 1544 1009 1614 οἴκτῳ
1049 1547 1149 1615 τῆς
1177 1565 1243 1599 πε
1256 1551 1307 1617 ρὶ
1338 1551 1430 1600 τὸν
1458 1550 1739 1619 ἄνθρωπον
1773 1570 1870 1622 κη-

298 1627 547 1695 δεμονίας
586 1634 987 1701 καμπτόμενος,
1027 1637 1121 1690 ἅτε
1164 1641 1522 1707 τέροαγωγευς
1564 1642 1674 1693 τῶν
1710 1642 1866 1708 ὅλων,

298 1717 470 1771 εἵλετο
521 1720 771 1790 δεύτερον
806 1725 965 1795 μέχρι
1000 1729 1091 1780 καὶ
1132 1729 1230 1798 τῆς
1274 1730 1429 1799 ήμῶν
1456 1735 1865 1803 συγκαταϐῆναι

300 1808 585 1875 πτωχείας·
619 1812 713 1862 καὶ
741 1811 817 1880 τῷ
845 1815 1099 1885 ἡμετέρῳ
1131 1818 1517 1887 συμπλακῆναι
1548 1823 1861 1892 φυράματιο

302 1914 321 1947 ι
358 1906 762 1970 συμμετασχεῖν
806 1920 865 1956 τε
897 1908 1297 1976 παραπλησίως
1332 1886 1462 1979 ἡμῖν
1505 1886 1737 1983 αἵματος
1769 1918 1865 1983 καὶ
1899 1886 1941 1943 Β

301 1988 498 2056 ιαρκός
524 2005 536 2018 ·
579 2009 597 2040 ι
633 1995 659 2044 6
692 1994 1018 2069 ἀπροσδεής,
1044 1998 1073 2050 6
1112 2000 1492 2071 ὑπερπλήρης,
1520 2006 1549 2057 6
1570 2006 1826 2071 πλούσιος
1847 2052 1861 2075 ,

294 2079 324 2131 6
373 2080 446 2149 μὴ
496 2082 614 2133 κατ’
666 2084 925 2139 ἔκστασιν
961 2089 1066 2158 ,τῆς
1111 2091 1433 2160 ὑπερουσίου
1476 2095 1726 2165 θεότητος
1766 2102 1865 2173 τήν

292 2170 424 2223 εῐσω
465 2190 568 2243 περ
611 2177 780 2230 οἰκεῖν
807 2179 1057 2250 ἐλόμενος
1109 2181 1341 2253 ὓπαρξιν
1367 2229 1379 2250 ,
1414 2188 1526 2239 ἀλλ’
1572 2170 1865 2261 ἀκεραίους

291 2260 468 2331 ἐαυτῷ
500 2264 743 2331 φυλάξας
769 2269 863 2321 καὶ
894 2272 1031 2339 μετὰ
1065 2272 1163 2343 τὴν
1206 2274 1487 2344 ἄφραστον
1520 2260 1714 2333 ἕνωσιν
1739 2284 1863 2345 τοὺς

288 2348 480 2418 λόγους
533 2354 641 2407 τῶν
707 2358 1108 2423 συνελθόντων,
1167 2364 1441 2434 μηδεμιᾶς
1487 2367 1752 2438 δήπουθεν
1805 2374 1861 2424 ἐν

291 2441 442 2511 μέσῳ
492 2446 833 2519 χωρηθείσης
865 2452 1181 2521 συγχύσεως
1214 2454 1246 2524 ἢ
1283 2455 1600 2527 διαιρέσεως
1616 2477 1639 2520 ,·
1676 2461 1704 2512 6
1740 2462 1861 2531 μηδ’

287 2534 475 2597 αὐτοῖς
528 2537 784 2604 ἀγγέλοις
824 2544 1135 2612 γνωρίσας,
1171 2547 1267 2597 καὶ
1320 2549 1431 2609 τοῖς
1472 2550 1861 2621 ὑπερκοσμίοις

283 2624 394 2676 τῶν
423 2628 478 2677 ἐν
510 2628 760 2695 οὐρανοῖς
793 2634 1091 2700 ταγμᾶτων
1126 2637 1517 2705 στρατιάρχαις
1540 2678 1555 2702 ,
1586 2641 1613 2691 ὃ
1643 2640 1693 2692 τί
1730 2642 1859 2694 ποτέ

285 2716 435 2767 ἐστιν
465 2720 595 2769 αὐτὸ
626 2720 684 2770 τὸ
723 2722 1073 2789 τελούμενον,
1117 2724 1257 2791 πλὴν
1281 2728 1359 2779 ἐνὶ
1397 2728 1503 2781 τῶν
1538 2731 1858 2800 πρωτίστων

283 2804 561 2871 ἀγγέλων,
619 2808 1074 2883 διακονησαμένῳ
1121 2818 1185 2884 τῇ
1222 2820 1470 2887 σωτηρίῳ
1502 2821 1712 2892 προόδῳ
1764 2823 1857 2877 τοῦ

284 2896 473 2947 καινοῦ
521 2900 845 2967 μυστηρίου.
874 2903 1060 2973 Ταύτῃ
1090 2906 1199 2975 γὰρ
1225 2908 1251 2958 6
1283 2909 1571 2977 ἀσώματος
1606 2928 1860 2979 σωματῶ-

283 2985 419 3050 θεὶς,
449 2989 538 3041 διά
570 2992 737 3058 μέσου
761 2993 878 3057 νοὸς
906 2997 1037 3064 ήμίν
1064 3000 1156 3050 καὶ
1189 3000 1387 3068 σαρκὸς
1418 3006 1855 3074 προσωμίλησεν,

283 3076 353 3129 ῑν⁹
383 3080 500 3142 ὅλος
543 3081 649 3152 ὅλῳ
678 3085 969 3154 ἐγκραθεὶς
1006 3087 1083 3157 τῷ
1103 3090 1361 3161 ἡμετέρῳ
1391 3096 1670 3165 φυράματι
1696 3140 1707 3160 ,
1737 3100 1857 3153 ὅλον

1984 655 2340 720 spectacula:
2379 658 2443 710 ad
2484 675 2607 727 quae
2667 662 2926 722 maxime,
2986 663 3103 731 ipsa
3157 661 3283 717 festi
3330 664 3542 718 initium

1982 743 2239 799 collectos
2290 746 2615 811 adhortans,
2676 752 2856 804 statim
2924 752 3142 819 quidem
3214 767 3277 806 ex
3358 755 3539 822 seipsa

1982 846 2187 903 quanta
2216 839 2287 891 sit
2315 839 2512 894 domus
2543 839 2861 909 Sapientiae,
2891 841 3160 905 ostendit;
3193 856 3360 910 seque
3410 858 3540 927 ve.ro

1978 943 2079 982 ceu
2111 938 2466 996 prasanctam
2502 945 2745 984 mensam
2772 929 2991 983 exhibet
3021 945 3033 980 :
3063 936 3322 997 tauquam
3372 932 3539 984 nimi-

1977 1033 2097 1072 rum
2132 1020 2309 1088 ipsum
2340 1028 2512 1074 totum
2533 1021 2750 1073 vitalem
2776 1035 2991 1090 panem,
3019 1020 3304 1073 Dominum
3336 1021 3537 1075 Deum-

1977 1126 2081 1180 que
2105 1109 2291 1164 Jesum
2340 1110 2638 1173 Christum,
2682 1121 2939 1166 aeternam
2971 1113 3115 1164 illam
3157 1113 3321 1166 vitam
3355 1129 3538 1168 rerum

1976 1208 2439 1262 conservatorem.
2473 1216 2540 1255 ex
2570 1201 2761 1254 Adaini
2798 1217 2981 1257 massa
3017 1203 3071 1256 in
3106 1218 3303 1271 panem
3332 1204 3539 1259 forma-

1976 1300 2089 1345 tum
2134 1293 2545 1360 dispensatione
2599 1294 2833 1347 mirabili
2888 1295 2941 1346 iu
2968 1305 3158 1349 ventre
3188 1298 3530 1364 portaverit:

1976 1381 2149 1446 illum,
2186 1382 2432 1451 inquam,
2470 1384 2561 1452 qui
2604 1395 2794 1438 sancte
2820 1387 2885 1437 ad
2937 1401 3060 1439 cum
3095 1388 3434 1446 accedentes.
3472 1389 3538 1441 ad

1974 1483 2169 1521 novam
2215 1471 2503 1538 quamdam
2538 1471 2701 1523 vitam
2754 1472 3039 1537 subvehat,
3074 1488 3136 1527 ac
3181 1475 3365 1528 divine
3408 1492 3539 1529 con-

1972 1570 2210 1616 summet
2242 1581 2255 1617 :
2291 1577 2400 1631 quo
2430 1563 2639 1617 scilicet
2669 1572 2722 1617 et
2748 1565 3007 1618 emundet
3032 1575 3085 1619 et
3116 1566 3278 1619 faciat
3307 1568 3536 1621 immor-

1971 1650 2129 1715 tales,
2188 1651 2351 1720 siqui
2393 1666 2545 1705 nova‘.
2591 1653 2914 1720 eximieque
2963 1652 3031 1706 ad
3071 1655 3251 1722 ipsum
3279 1671 3531 1710 commu-

1971 1742 2151 1798 nionis
2222 1744 2637 1813 participatione
2695 1761 2822 1799 vere
2877 1747 2925 1800 ei
2983 1748 3367 1802 conciliantur.
3414 1749 3537 1804 llaec

1970 1833 2149 1901 plane,
2179 1834 2375 1902 quibus
2399 1835 2574 1903 palam
2616 1844 2864 1890 amantes
2911 1838 3304 1903 convivantur,
3336 1841 3536 1918 quibus

1969 1927 2223 1980 nimirum
2252 1929 2500 1982 consistit
2520 1930 2607 1982 illa
2626 1931 2730 1983 vita
2760 1930 2775 1981 ἐ
2807 1930 2937 1995 vita,
2962 1932 3200 1999 inquam,
3224 1935 3535 2002 praecellens

1967 2026 2130 2086 atque
2192 2033 2427 2083 arcana;
2464 2026 2517 2072 et
2566 2034 2672 2088 qua
2720 2020 2855 2073 nihil
2887 2022 2939 2073 in
2992 2022 3195 2075 creatis
3246 2023 3535 2079 sublimius

1966 2118 2262 2163 occurrat:
2307 2125 2437 2179 qua,
2499 2111 2743 2180 inquam,
2796 2113 2890 2180 qui
2960 2112 3291 2183 theologiam
3365 2124 3532 2170 totam

1963 2212 2291 2267 omnemque
2344 2198 2411 2252 de
2440 2198 2549 2253 Deo
2577 2200 2842 2253 rationem
2886 2208 3129 2269 superat.
3156 2202 3535 2256 exinanitione

1964 2288 2248 2353 iueﬂabill,
2278 2305 2396 2358 quae
2418 2291 2539 2359 ejus
2577 2290 2632 2343 iu
2664 2290 2940 2345 hominem
2973 2306 3107 2344 cura
3132 2300 3213 2346 est
3241 2300 3293 2342 et
3317 2294 3535 2348 miseri-

1962 2379 2171 2442 cordia,
2206 2381 2353 2435 velut
2384 2381 2767 2436 universorum
2798 2390 2992 2435 auctor
3036 2382 3170 2451 (92),
3197 2383 3261 2435 ad
3291 2394 3531 2437 nostram

1962 2487 2134 2541 usque
2192 2479 2565 2541 paupertatem
2626 2473 2824 2527 iterum
2888 2473 3156 2527 inclinare
3220 2489 3279 2527 se
3339 2475 3532 2536 voluit,

1962 2574 2269 2634 nostraeque
2299 2580 2493 2619 massa:
2539 2566 2906 2629 commisceri,
2944 2580 3004 2618 ae
3051 2565 3216 2620 simili
3268 2566 3424 2620 nobis
3448 2580 3537 2619 ra-

1963 2656 2129 2716 tione,
2157 2656 2442 2709 nobiscum
2473 2674 2490 2706 ι
2515 2656 2841 2725 participare
2866 2672 3032 2711 carne
3051 2664 3102 2711 et
3127 2657 3394 2725 sanguine
3428 2666 3455 2695 ν
3481 2674 3527 2721 ς»

1962 2747 2028 2811 is,
2059 2750 2306 2816 inquam,
2360 2748 2450 2817 qui
2486 2750 2688 2800 nullius
2720 2760 2863 2816 eget,
2902 2749 3258 2817 plenissimus
3285 2748 3371 2799 ille
3398 2764 3410 2811 ;
3441 2747 3534 2800 ille

1958 2838 2135 2898 dives,
2184 2838 2277 2907 qui
2310 2855 2413 2892 non
2473 2854 2704 2894 excessu
2748 2854 2775 2891 a
2834 2840 3352 2907 snpersubstantiali
3387 2840 3531 2891 divi-

1959 2931 2147 2991 nitate,
2204 2946 2368 2999 quam
2428 2931 2571 2983 intra
2620 2931 2815 2984 ascivit
2877 2932 3011 3000 (95),
3046 2930 3221 2983 voluit
3278 2929 3528 2983 habitare

1957 3024 2345 3086 Substantiam,
2380 3022 2474 3076 sed
2524 3023 2615 3091 qui
2649 3030 2769 3090 post
2801 3022 2962 3074 etiam
2995 3020 3323 3076 inellabilent
3360 3020 3523 3073 unin-

1958 3130 2103 3175 nem.
2170 3114 2618 3168 concurrentium
2681 3114 2923 3183 integras
2985 3114 3225 3166 rationes
3259 3112 3364 3165 sibi
3400 3113 3517 3181 ipse.

280 3168 440 3279 ήμῶν
473 3172 756 3246 ἀνανεὼσῃ
794 3175 854 3229 τὸ
890 3178 1246 3251 πρόσλημμα.
1287 3183 1433 3254 Αὕτη
1484 3186 1581 3255 μὲν
1626 3188 1700 3250 ὼς
1730 3191 1850 3243 κατ’
1881 3223 1922 3279 C

1956 3208 2225 3261 retinuit:
2269 3206 2548 3269 nimirum,
2615 3206 2761 3259 nulla
2814 3213 2907 3258 aut
2941 3203 3266 3259 confusione
3309 3212 3402 3257 aut
3446 3205 3534 3257 di-

280 3260 421 3362 ὲμὴν
449 3265 759 3338 ἐπιστήμην
786 3270 881 3321 καὶ
914 3267 1024 3324 οἷον
1050 3275 1190 3327 κατὰ
1216 3274 1275 3327 τὸ
1299 3277 1663 3350 πρόχειρον,ή
1694 3286 1855 3353 νοερά
1882 3260 1922 3279 ν

1949 3299 2168 3354 visione
2208 3297 2482 3352 intellecta
2519 3298 2735 3362 media;
2769 3296 2861 3364 qui
2929 3311 3105 3365 neque
3134 3295 3298 3349 etiam
3326 3296 3534 3365 angelis

277 3350 380 3421 τῆς
411 3353 711 3423 θεομύστου
744 3361 936 3430 σοφίας
967 3365 1238 3433 τράπεζα.
1274 3368 1510 3423 Τοιαῦτα
1540 3374 1634 3425 καὶ
1668 3376 1735 3428 τὰ
1769 3350 1854 3429 ἐπ’

278 3444 416 3537 nihil
450 3438 730 3515 μυστικῶς
768 3454 1181 3527 ἰεροτελούμενα
1211 3460 1583 3532 θεοπαρὰδοτα
1610 3467 1768 3537 ὄργια
1789 3471 1854 3502 ⁸⁸·

276 3528 359 3633 ei;
389 3539 610 3602 εἰκότως
638 3543 1085 3617 ἐπισημήνασθαι
1121 3553 1226 3623 χρὴ
1259 3555 1352 3607 καὶ
1376 3528 1444 3607 τά
1461 3558 1552 3609 ἐπὶ
1584 3528 1857 3633 τήςπαρ-

276 3626 443 3722 ούσης
490 3633 703 3704 ἡμέρας
766 3640 1061 3710 μυστήρια,
1101 3645 1223 3696 καθ’
1251 3647 1379 3716 ήνή
1427 3626 1727 3722 Θεομήτ-ωρ
1767 3626 1857 3706 ού-

277 3717 367 3818 δὲ-ιο
435 3723 543 3778 τῶν
594 3727 734 3780 κατὰ
768 3729 929 3797 φύσιν
972 3733 1190 3805 θεσμῶν
1237 3717 1658 3811 παραμείψασα,
1695 3717 1855 3818 Ἶνὸμῳ

276 3812 358 3881 τῷ
397 3816 521 3869 καθ’
565 3820 716 3887 ἡμᾶς
778 3821 1186 3897 ἐλειτούργησε.
1232 3833 1325 3884 καὶ
1356 3834 1459 3887 ὑπὸ
1505 3838 1617 3900 τοῖς
1674 3812 1856 3904 αὐτοῖς

274 3904 423 4000 ὅροις
446 3908 574 3977 ἡμῖν
612 3910 709 3981 τὴν
736 3914 794 3965 ἐν
826 3918 988 3986 σαρκί
1015 3918 1158 3991 ζωήν
1193 3925 1549 3996 συνεπέρανε,
1580 3926 1856 4000 θαύματος

276 3998 457 4068 πλήρη
485 4001 859 4059 καταλιποῦσα
894 4008 973 4078 τῷ
1014 4010 1116 4081 βίῳ
1160 4016 1255 4066 καὶ
1282 4018 1534 4085 γέννησιν
1560 4022 1654 4073 καὶ
1689 3998 1855 4091 μετά-

278 4106 486 4146 στασιν.
541 4095 606 4147 Εῐ
641 4112 694 4149 τι
750 4097 882 4166 γοῦν
912 4102 1013 4154 καὶ
1050 4103 1160 4157 τῶν
1200 4106 1339 4175 ὑπὲρ
1388 4110 1537 4179 ἡμᾶς
1583 4112 1674 4164 ἐπ’
1716 4115 1853 4188 αὐτῇ

273 4182 413 4277 πρὸς
434 4183 531 4253 τῆς
552 4185 707 4277 θείας
745 4188 1094 4263 ᾠκονόμηται
1128 4196 1365 4264 φύσεως,
1395 4201 1724 4273 θαυμαζέτω
1751 4182 1857 4277 μηί

272 4271 407 4337 δεὶς,
471 4276 607 4347 πρὸς
654 4278 715 4331 τὸ
779 4280 1056 4351 ἄφραστον
1108 4289 1326 4360 ἀφορῶν
1374 4293 1469 4347 τοῦ
1506 4271 1856 4363 τελεσθέντος

273 4368 661 4460 καινοπρεπῶς
689 4374 1010 4444 μυστηρίου,
1043 4379 1223 4451 πάσης
1271 4384 1532 4455 ἀπειρίας
1559 4387 1855 4460 ἀπειράκις

273 4456 516 4527 ἀπείρως
537 4459 897 4532 ἐξῃρημένον.
931 4469 1037 4522 Καὶ
1068 4468 1178 4525 εἷεν
1196 4474 1261 4545 δὴ
1287 4476 1459 4529 ταῦτα
1478 4478 1544 4531 δι’
1577 4456 1705 4533 ὅλου
1727 4499 1854 4535 συν-

1957 3389 2337 3443 ccelestintnve
2389 3385 2647 3442 ordinum
2689 3386 2888 3439 mundo
2928 3385 3273 3454 superiorum
3310 3384 3517 3453 princi-

1958 3479 2141 3548 pibus,
2170 3493 2280 3531 uno
2302 3482 2567 3531 duntaxat
2602 3478 2833 3545 primate
2868 3474 2979 3546 (94)
3013 3475 3333 3544 angelorum
3367 3489 3531 3528 exce-

1957 3582 2071 3642 pto,
2122 3586 2233 3641 quo
2307 3571 2562 3624 ministro
2615 3584 2819 3623 novum
2886 3570 3086 3623 salutis
3127 3576 3531 3623 sacramentum

1957 3677 2272 3733 processum
2331 3660 2649 3715 habiturum
2710 3667 2874 3726 esset,
2927 3660 3059 3731 quid
3114 3662 3191 3716 rei
3237 3670 3529 3731 gereretur

1957 3753 2192 3823 aperuit.
2252 3750 2345 3806 Sic
2375 3752 2521 3805 enim
2579 3752 2674 3820 qui
2717 3750 3077 3819 incorporeus
3136 3762 3243 3817 est,
3300 3750 3533 3806 indutus

1957 3858 2178 3913 corpus,
2234 3857 2291 3897 se
2341 3842 2503 3897 nobis
2535 3844 2772 3908 socium,
2835 3850 3016 3897 mente
3046 3857 3325 3911 carneque
3351 3843 3529 3897 media

1956 3936 2206 4005 adjnnxit
2250 3952 2263 3988 :
2301 3944 2358 3989 ut
2404 3942 2572 3999 totus,
2610 3944 2815 3989 nostras
2845 3936 2945 3988 t0ti
2974 3950 3169 3989 massae
3228 3935 3531 3998 immistus.

1957 4037 2296 4099 assumptam
2325 4036 2576 4083 naturam
2620 4036 2789 4083 totam
2829 4029 3186 4083 instauraret.
3250 4026 3408 4094 Quod
3442 4043 3529 4082 ca-

1957 4122 2068 4191 pio,
2094 4134 2158 4175 ac
2193 4119 2343 4173 velut
2380 4119 2433 4172 in
2466 4127 2723 4188 promptu
2754 4118 3015 4178 dixerim,
3046 4132 3121 4193 .ea
3151 4125 3235 4172 est
3265 4117 3533 4186 spiritalis

1958 4212 2186 4267 initiatae
2214 4210 2324 4265 Deo
2354 4196 2468 4280 (95)
2498 4209 2785 4278 sapientiae
2814 4224 3021 4263 mensa.
3059 4207 3341 4276 Ejusmodi
3378 4214 3541 4275 quo-1

1957 4320 2064 4374 que
2098 4312 2245 4370 sunt,
2277 4310 2333 4360 et
2362 4301 2617 4357 tradente
2651 4300 2781 4364 Deo,
2814 4300 3045 4372 mystice
3076 4299 3132 4354 in
3159 4315 3221 4355 ea
3254 4300 3534 4355 celebrata

1957 4410 2115 4453 sacra
2177 4395 2329 4465 orgia
2376 4408 2439 4449 ac
2490 4393 2846 4456 caeremoniae,
2892 4394 3095 4462 quibus
3135 4394 3302 4448 etiam
3339 4395 3534 4448 merito

1958 4486 2063 4540 diei
2100 4484 2263 4553 hujus
2296 4493 2643 4538 sacramenta
2697 4484 3074 4548 accesserint;
3116 4498 3223 4552 qua
3268 4484 3532 4537 nimirum

272 4554 587 4643 επτυγμένα
628 4558 721 4610 καὶ
764 4559 998 4632 ἄρρητα,
1034 4566 1130 4623 καὶ
1176 4569 1264 4622 τὸν
1306 4572 1506 4627 οἰκεῖον
1537 4574 1695 4642 λόγον
1730 4577 1854 4631 ἀκί-
1885 4568 1929 4623 0

1959 4576 2055 4631 Dei
2107 4575 2297 4640 Mater,
2359 4574 2497 4628 nihil
2541 4573 2767 4628 mutatis
2804 4583 3011 4627 natura:
3046 4574 3280 4643 legibus,
3319 4574 3441 4629 lata:
3475 4575 3535 4629 in

342 4641 565 4722 'illebr.
626 4685 682 4733 ιι,
721 4671 808 4727 14.
854 4699 860 4749 μ

1550 4752 1782 4809 νΑιιιΑι
1820 4755 2220 4812 LECTIONILS.

344 4825 496 4883 ⁸⁸ἇλ.
525 4833 821 4904 μυστήρια.

1574 4912 1965 4970 COMBEFISH
1997 4914 2233 4972 NOTE.

340 4988 452 5059 (9‘2)
500 4989 653 5047 Velut
685 4995 1046 5050 universorum
1076 5015 1283 5057 auctor.
1362 4999 1484 5053 Τῶν
1503 5002 1659 5055 ὅλων.
1696 5005 1845 5057 Allu-

269 5059 359 5138 εἰη,
381 5062 553 5138 estad
585 5079 649 5138 e_a
678 5082 799 5138 qua:
836 5068 1104 5121 habentur
1134 5068 1264 5138 Sap.
1310 5085 1370 5133 ll,
1408 5071 1497 5124 ubi
1531 5073 1757 5132 ereatio.
1788 5084 1844 5129 et

267 5127 362 5206 Dei
392 5147 456 5206 es
480 5127 902 5206 illadominiuni
930 5127 1262 5206 assignatur,
1286 5127 1615 5197 universalis
1643 5127 1842 5199 divin—at

269 5199 664 5285 “misericordiae
690 5207 831 5285 ratio
854 5222 947 5285 seu
977 5199 1381 5277 argumentum.
1402 5212 1567 5285 illud,
1600 5214 1629 5265 6
1659 5214 1839 5285 πάσης

268 5267 548 5354 θεολογίας
594 5274 882 5354 ἐπέκεινα,
916 5267 1106 5354 ipsum
1138 5288 1222 5333 est
1270 5280 1414 5349 quod
1473 5267 1737 5354 Dionysio
1786 5267 1840 5341 éi

267 5340 395 5425 aliis
435 5340 952 5425 τύπέρθεοςοηςιιιοιῖ
978 5348 1236 5425 nimirum
1271 5340 1634 5425 transcendat
1670 5340 1825 5425 quid-

265 5409 598 5487 quid_Deuin
631 5409 991 5487 intelligimus
1027 5419 1105 5471 vel
1139 5419 1431 5485 loquimur.

338 5480 672 5564 (QQ‘Quam
702 5480 846 5564 ξηιςᾷ
890 5490 1095 5564 ascivit.
1142 5480 1252 5558 Τήν
1287 5491 1417 5544 εἵσω
1450 5510 1575 5563 περ.
1617 5494 1839 5564 Signifi-

265 5550 667 5632 catitaiaetam
702 5556 753 5608 in
790 5557 965 5632 Verbo
998 5550 1250 5613 naturain
1288 5550 1645 5632 assunipﬁnn,
1679 5550 1744 5619 ἷιι
1780 5568 1831 5619 in

266 5622 504 5700 propriis
524 5623 680 5700 salva
703 5627 929 5700 omnino
962 5631 1341 5699 permanserit.
1364 5622 1668 5688 Estauteni
1702 5636 1838 5690 facta

266 5692 319 5742 in
356 5692 477 5774 illo,
509 5700 567 5774 u_t
600 5696 778 5774 solum
812 5698 865 5751 in
898 5692 1130 5774 persona
1160 5709 1422 5769 tanquam
1468 5705 1739 5774 pr0priam
1775 5722 1839 5760 ac

263 5763 719 5841 suambabente,
749 5763 924 5841 eoque
970 5772 1219 5841 maxime
1260 5763 1528 5837 intimam,
1570 5763 1635 5829 ac
1693 5779 1836 5829 velut

267 5831 539 5892 altissime
597 5831 1035 5907 incssistentem,
1071 5858 1170 5913 pro
1201 5840 1294 5899 Dei
1343 5831 1527 5900 tamen
1566 5846 1836 5911 decentia,

1955 5018 2028 5084 ae
2048 5006 2309 5084 inmobili
2348 5024 2686 5084 prorsusqne
2717 5030 2921 5071 arcana
2948 5014 3183 5069 ratione.
3210 5013 3538 5084 Suspeetior

1952 5076 2313 5131 nihilominus
2336 5079 2552 5134 videtur
2579 5076 2781 5138 littera.

2024 5146 2136 5226 (94)
2178 5145 2291 5202 Uno
2320 5149 2584 5206 duntaxat
2614 5156 2861 5221 primate,
2891 5164 2996 5211 etc.
3037 5154 3129 5226 Sie
3162 5153 3322 5209 Bern.
3363 5171 3530 5226 supra

1950 5213 2151 5294 Missus
2178 5228 2443 5294 est,»_etc_.‘,
2471 5213 2623 5291 quod
2644 5213 2926 5292 exponunt
2972 5225 3210 5294 theologi
3242 5228 3307 5281 de
3341 5213 3530 5281 Sttcll'a-

1948 5288 2115 5362 menti
2147 5288 2516 5362 peculiaribus
2546 5288 2979 5351 eireiimstantiis
3006 5288 3358 5362 ;exis[in:ant
3380 5299 3527 5351 enim

1947 5359 2312 5437 substantiam
2336 5375 2365 5413 a
2397 5363 2668 5437 principio
2686 5367 2899 5437 angelis
2932 5359 3252 5433 revelatam,
3274 5383 3394 5437 qua:
3426 5384 3526 5422 nec

1951 5428 2205 5500 homines
2234 5428 2466 5500 prorsus
2502 5428 2743 5489 latuerit.

2015 5498 2126 5578 (95)
2168 5498 2407 5578 Initium:
2440 5502 2568 5578 Deo.
2596 5505 2911 5574 Θεομύστου
2938 5508 3148 5574 σοφίας.
3176 5507 3526 5578 Amplissinta

1943 5569 2060 5646 τοῦ,
2095 5569 2329 5646 μυεῖνλθι
2364 5574 2640 5643 μυεῖσθαι,
2685 5569 2891 5632 Graecis
2923 5569 3295 5646 significatio:
3315 5577 3412 5631 llic
3449 5580 3527 5629 vi-
3613 5618 3623 5627 .

1947 5639 2106 5717 detur
2161 5639 2405 5717 derivata
2447 5662 2548 5717 vox
2607 5639 2748 5702 sumi
2785 5639 3025 5717 passive,
3069 5658 3125 5702 ut
3176 5649 3523 5714 signiﬁcetur

1946 5708 2366 5789 Maria,_divinis
2391 5732 2419 5789 ar
2448 5714 2557 5789 Deo
2583 5708 2891 5775 rationibus
2918 5708 3190 5775 instructa
3226 5708 3521 5789 sapientia,

1940 5795 2114 5862 eoque
2143 5784 2318 5862 instar
2344 5788 2607 5862 spiritalis
2643 5805 2704 5844 ac
2733 5792 2982 5862 mystica:
3012 5806 3238 5855 mensae,
3274 5784 3524 5846 content-

1952 5853 2179 5919 plationi
2216 5859 2511 5926 proposita.
