4236 6440
778 406 917 466 1087

1962 423 2017 481 S.
2052 425 2374 485 ANDREE
2414 427 2836 486 CRETENSIS

3887 427 4040 493 1088

777 534 876 566 tam
912 513 1013 581 lcgi
1049 515 1312 570 obsecuta
1382 529 1483 579 est,
1517 521 1795 590 vitamque
1836 529 2111 583 carnalem
2149 533 2332 585 iisdem

2447 548 2604 600 νητον
2667 533 2877 600 ἔχοντα.
2939 533 3130 604 Ἡμεῖς
3190 538 3246 589 δὲ
3303 539 3401 605 τῆς
3456 544 3878 614 παναγεστάτης
3933 546 4034 599 τοῦ

773 616 939 670 atque
989 605 1092 672 ipsi
1145 608 1396 662 terminis
1449 612 1758 677 conclusit;
1802 617 2087 673 nativitate
2140 624 2346 688 pariter

772 700 824 741 ει
862 701 1058 756 morte,
1088 691 1265 759 plenis
1297 696 1586 760 miraculo,
1631 702 1832 756 seculo
1855 705 2086 761 relictis.
2118 709 2172 764 Si
2211 712 2342 779 quid

774 780 982 865 it-aque,
1027 783 1193 834 etiam
1228 784 1394 848 altius
1419 801 1579 851 quam
1615 804 1713 856 pro
1735 792 2056 850 conditione
2082 799 2343 865 humana,

777 847 882 922 l'eo
914 872 1272 939 dispensante
1304 877 1357 928 in
1389 891 1450 929 ea
1479 888 1690 946 gestum
1726 881 1848 948 l’uit,
1894 901 2057 941 nemo
2091 889 2342 959 miretur,

772 961 865 1025 qui
895 961 960 1011 ad
1005 966 1362 1028 sacramenti,
1397 981 1616 1022 omnem
1677 972 1942 1030 inﬁnities
1979 977 2191 1034 inﬁnite
2221 981 2347 1036 inﬁ-

774 1049 1072 1101 nituulinem
1105 1057 1513 1118 exsuperantis,
1556 1060 1844 1127 magnifice
1871 1078 2063 1118 novam
2089 1083 2348 1124 consum-

772 1140 1070 1195 mationem
1126 1146 1408 1212 respiciat.
1479 1150 1554 1201 Ae
1606 1165 1733 1203 vero
1785 1152 1986 1209 fuerint
2036 1159 2124 1211 illa
2161 1162 2346 1217 clausa

772 1233 998 1284 omnino
1047 1243 1214 1298 atque
1268 1249 1492 1300 arcana,
1553 1249 1606 1293 et
1673 1245 1874 1310 quibus
1932 1250 2147 1317 propria
2208 1256 2348 1306 ratio

771 1329 989 1373 constct
1047 1323 1294 1377 immota.
1351 1325 1462 1382 Non
1530 1347 1659 1384 vero
1732 1337 2099 1393 sanctissima:
2147 1341 2346 1398 viviﬁci

772 1414 1111 1465 tabernaculi
1185 1417 1569 1474 tumulationis
1669 1425 1988 1479 memoriam
2075 1439 2188 1484 toto
2243 1434 2346 1487 laeti

774 1501 1116 1558 (clebremus
1165 1507 1482 1573 splendore,
1540 1514 1944 1584 magniﬁcaque
2004 1520 2223 1575 laetitia:
2259 1527 2345 1579 cui

771 1593 1112 1647 celebranda:
1151 1599 1420 1664 spiritalia
1453 1603 1637 1655 omnia
1662 1619 1787 1658 cum
1816 1611 2122 1677 corporeis,
2158 1616 2204 1666 si
2238 1630 2344 1682 qua

772 1692 827 1734 ct
857 1684 978 1736 caeli
1034 1685 1236 1739 habent
1266 1697 1320 1742 et
1357 1699 1524 1755 terra,
1555 1695 1765 1761 pariter
1800 1712 2155 1774 congregata,
2191 1704 2347 1773 Regi-

773 1787 898 1823 nam
959 1775 1171 1829 honore
1234 1793 1664 1849 prosequuntur,
1699 1789 2112 1860 triumphoque,
2155 1799 2341 1864 generi

2450 615 2753 687 ζωαρχικοῦ
2799 623 3029 689 σκήνους
3073 624 3484 693 ὲντυμσεύσεως
3541 632 3638 700 τὴν
3691 635 4035 703 ἀνάμνησιν,

2448 707 2691 782 λαμπροὶ
2722 713 2987 783 λαμπρῶς
3009 716 3355 786 ἑορτάσωμεν
3378 738 3390 749 ·
3416 723 3499 788 ἐφ’
3528 723 3594 791 ἢν
3623 724 3736 792 ἃμα
3771 725 3849 793 τῷ
3899 745 4038 793 φαι-

2450 801 2660 870 νομένῳ
2679 806 2786 854 πᾶν
2811 804 2873 855 τὸ
2899 806 3209 873 νοούμενον,
3243 810 3368 861 ὅσον
3398 827 3455 863 τε
3483 813 3758 881 οὐράνιον,
3783 817 3883 866 καὶ
3907 819 4038 869 ὅσον

2449 890 2688 956 ἐπίγειον
2711 894 2766 955 ὲς
2790 894 2983 946 ταυτὸν
3012 895 3418 968 ἀθροιζόμενον,
3438 902 3535 969 τὴν
3557 903 3810 956 Βασιλίδα
3839 921 3906 970 γε
3918 908 4042 973 ραι-

2454 996 2533 1048 ρει
2567 983 2658 1034 καὶ
2701 986 3080 1054 προπομπεύει
3111 989 3205 1039 τοῦ
3239 990 3430 1056 γένους
3465 993 3822 1062 ἐπίπροσθεν
3870 996 3933 1058 ἐξ
3973 990 4039 1046 οὗ

2451 1071 2545 1122 καὶ
2579 1073 2753 1124 κοινὸν
2791 1075 3117 1145 ἱλαστήριον,
3153 1079 3312 1131 τοῦτο
3335 1081 3396 1149 δὴ
3437 1083 3496 1132 τὸ
3524 1085 3580 1147 ἐξ
3609 1085 3777 1152 αὐτῆς
3812 1088 4042 1153 ἀχειρο-

2451 1161 2670 1229 τμήτως
2725 1165 3050 1232 ναοποιηθὲν
3079 1166 3398 1220 δεσποτικὸν
3429 1172 3518 1221 καὶ
3557 1176 3821 1240 σωτήριον
3860 1190 4038 1241 προσ-

2451 1252 2721 1318 εκτήσατο
2749 1253 2926 1322 σῶμα,
2947 1254 3039 1306 τοῦ
3064 1258 3242 1326 πάσης
3273 1259 3518 1327 ἐμφύτου
3543 1262 3636 1312 καὶ
3663 1279 3747 1312 νοε
3759 1266 3856 1330 ρᾶς
3878 1265 4040 1330 κινή-

2454 1353 2590 1398 σεως
2626 1344 3103 1411 συμμετασχόντος
3123 1346 3273 1414 ⁴ἡμῖν,
3312 1350 3479 1416 μόνης
3496 1349 3594 1416 τῆς
3625 1351 3906 1418 ἁμαρτίας
3933 1371 4041 1419 χω-

2455 1427 2557 1495 ρίς.
2599 1429 2662 1478 Ὢ
2699 1429 2793 1482 τοῦ
2842 1432 3148 1500 θαύματοςι
3195 1436 3255 1489 'H
3290 1438 3424 1489 Θεὸν
3468 1439 3558 1489 τὸν
3612 1441 4038 1509 ἀπειρομεγέϐη

2451 1519 2800 1588 περιγραφῆς
2847 1523 3063 1592 ἁπάσης
3097 1526 3454 1596 διωρισμένον
3479 1570 3492 1592 ,
3527 1531 3583 1583 ἐν
3610 1532 3795 1600 μικρῷ
3844 1534 4041 1600 χωρίῳ

2449 1609 2547 1677 τῆς
2560 1611 2760 1682 ἑαυτῆς
2782 1615 2969 1684 νηδύος
2991 1618 3326 1687 ύπερουσίως
3355 1625 3673 1691 χωρήσασα,
3706 1626 3957 1692 σήμερον
3986 1629 4042 1675 ἐν

2451 1705 2812 1774 περιγραπτῳ
2837 1707 2990 1776 κλίνῃ
3015 1708 3366 1778 διφρεύουσα,
3397 1715 3585 1781 χερσὶν
3607 1716 3772 1766 ὁσίων
3807 1716 4040 1783 κηδεύε-

2449 1809 2559 1844 ται.
2600 1794 2663 1846 Ἡ
2696 1797 2918 1860 κόλποις
2944 1803 3055 1862 τοῖς
3114 1803 3312 1871 ἑαυτῆς
3344 1803 3434 1856 ὲνθ
3448 1806 3704 1873 ρονίσασα
3728 1807 3821 1858 τὸν
3843 1807 4042 1868 νώτοις

773 1865 1111 1931 praemittunt
1177 1868 1289 1935 (96)
1318 1887 1329 1920 ε
1361 1887 1422 1923 ex
1457 1888 1568 1940 quo
1624 1877 1790 1928 etiam
1852 1857 2181 1938 comu'iuue'
2209 1886 2332 1938 illud

2452 1883 2802 1952 Xepou6txoi;
2822 1857 3206 1958 ἐποχούμενον,
3227 1857 3528 1956 ἐνκόλπὸις
3561 1896 3770 1966 πέτρας
3799 1897 4040 1963 ὑπογλυ-

772 1955 1254 2023 propitiatorium;
1287 1961 1456 2027 quod,
1502 1961 1750 2033 inquam,
1778 1984 1841 2022 ex
1886 1971 1998 2038 ipsa
2027 1974 2146 2028 sine
2182 1992 2345 2030 manu

771 2044 823 2094 iu
858 2045 1115 2112 templum
1140 2059 1486 2103 exstructum
1521 2063 1604 2106 est
1628 2055 1974 2113 Dominicum
2007 2072 2058 2114 et
2081 2065 2342 2132 salutare,

769 2135 916 2190 illius
949 2139 1138 2192 habuit
1204 2156 1434 2210 corpus,
1467 2148 1557 2213 qui
1597 2149 1766 2203 totius
1817 2167 1844 2203 a
1883 2163 2076 2207 natura
2117 2168 2171 2211 et
2226 2161 2344 2228 spi-

766 2227 944 2279 ritalis
1005 2239 1206 2293 motus,
1241 2247 1352 2285 uno
1393 2233 1666 2290 duntaxat
1697 2240 1922 2311 dempto
1959 2257 2207 2313 pecrato,
2244 2227 2345 2303 no-

763 2319 975 2373 hiscum
1026 2324 1299 2394 particeps
1361 2326 1482 2382 luit.
1531 2329 1576 2384 Ο
1609 2333 1971 2389 miraculum!
2013 2339 2145 2406 Quae
2175 2342 2341 2397 Deum

764 2406 980 2462 inﬁnita
1040 2414 1426 2481 magnitudine
1481 2418 2030 2494 incircumscriptum
2118 2433 2345 2487 omnino

761 2500 980 2555 modica
1012 2504 1152 2558 uteri
1187 2507 1271 2561 sui
1331 2511 1639 2579 capacitate
1701 2517 2026 2574 mirabiliter
2053 2525 2343 2593 complexa

761 2603 960 2662 capere
995 2597 1192 2664 potuit,
1233 2608 1553 2657 sanctorum
1595 2606 1756 2662 hodie
1789 2612 2063 2678 manibus,
2091 2620 2343 2672 circum-

761 2683 972 2753 scripto
1009 2701 1360 2759 angustoque
1418 2694 1619 2750 lectulo
1651 2699 1924 2763 insidens,
1949 2704 2096 2772 justa
2125 2711 2340 2779 recipit.

759 2775 893 2840 Qua
945 2794 1048 2832 suo
1081 2780 1256 2849 ipsius
1285 2787 1410 2838 sinu
1438 2786 1884 2848 Cherubinorum
1923 2795 2173 2855 humeris
2222 2775 2340 2858 ine-

757 2867 1063 2934 quitantem
1091 2873 1242 2926 illum
1269 2878 1417 2931 velut
1443 2879 1575 2934 sede
1599 2881 1820 2946 locavit,
1851 2887 1903 2940 in
1936 2899 2147 2945 cavata:
2173 2906 2341 2962 petra:

757 2957 908 3018 sinu,
970 2963 1184 3016 tumqu
1255 2970 1480 3033 ponitur
1518 2988 1530 3022 :
1565 2987 1630 3024 ac
1680 2975 1843 3044 cujus
1897 2989 2115 3047 partqu
2157 2957 2338 3055 angeli

756 3050 940 3104 tnirati
983 3061 1132 3115 sunt,
1171 3055 1339 3124 hujus
1377 3059 1540 3115 hodie
1576 3063 1992 3123 tabernaculum
2047 3050 2338 3142 apostolici

2451 1976 2643 2042 φείσης
2690 1978 3021 2046 τυμϐεύεται
3052 1999 3064 2009 ·
3116 1984 3209 2033 καὶ
3252 1979 3319 2054 ἧς
3369 1985 3459 2036 τὸν
3503 1985 3662 2036 τόκον
3708 1985 4042 2052 ἐθαύμασαν

2449 2063 2693 2131 ἄγγελοι,
2739 2068 2943 2138 ταύτης
2987 2070 3082 2121 τοῦ
3131 2073 3364 2140 σκήνους
3413 2074 3745 2144 ἐξάρχουσαι
3790 2078 4041 2146 σήμερον

2449 2156 2802 2209 ἀποστολικαὶ
2859 2164 3064 2228 χορεῖαι
3109 2162 3514 2231 προπέμπουσι.
3576 2165 3684 2216 Καὶ
3720 2166 3806 2227 τίς
3837 2166 3908 2217 ἂν
3932 2166 4042 2218 τῶν

2449 2249 2626 2299 ἐκεῖσε
2657 2248 3014 2303 τελεσθέντων
3043 2254 3168 2315 τοὺς
3202 2253 3394 2320 λόγους
3439 2255 3856 2326 διερμηνεύσειε
3888 2274 3905 2321 ;
3945 2258 4040 2320 Τίς

2447 2340 2568 2392 κατ’
2596 2340 2754 2406 ἀξίαν
2789 2342 2866 2411 τῷ
2903 2345 3189 2415 μυστηρίῳ
3213 2347 3605 2417 συνεπαρθείη;
3632 2349 3730 2411 Τίς
3758 2349 4039 2419 πτερώσει

2447 2431 2536 2482 τὸν
2565 2431 2692 2484 νοῦν
2720 2433 2796 2496 ὼς
2821 2451 3066 2488 συναναπ
3077 2437 3227 2506 ιῆναι
3251 2439 3330 2508 τῷ
3355 2439 3616 2508 θαύματι,
3647 2443 3745 2493 καὶ
3769 2442 3874 2511 τὴν
3900 2443 4038 2511 πρὸς

2447 2523 2578 2575 αὐτὸ
2632 2523 2827 2577 παθεῖν
2884 2530 3204 2595 κοινωνίαν;
3235 2530 3355 2594 Τίς,
3411 2532 3500 2584 ἵνα
3546 2532 3607 2584 τὸ
3661 2532 4040 2602 μετριώτερον

2447 2612 2588 2666 εἴπω
2615 2653 2627 2676 ,
2661 2616 2805 2685 τάχα
2832 2617 2890 2669 δὲ
2919 2621 3012 2671 καὶ
3037 2621 3148 2673 τῶν
3173 2621 3466 2692 δευτέρων.
3495 2622 3594 2693 τὴν
3625 2625 3755 2691 περὶ
3793 2623 3892 2676 τοῦ
3914 2625 4042 2676 καθ’

2444 2703 2596 2770 ἡμᾶς
2630 2704 3008 2775 συγκρίματος
3046 2710 3176 2780 ροήν
3198 2727 3257 2763 τε
3289 2712 3382 2764 καὶ
3402 2711 3683 2782 ἀπορροὴν
3708 2711 4040 2782 διαγράςβοι-

2445 2809 2544 2856 το;
2579 2793 2724 2863 Πρὸς
2767 2795 2834 2865 ἦν
2863 2797 2895 2866 ἠ
2948 2798 3112 2866 φύσις
3140 2800 3527 2871 ἀμηχανοῦσα,
3561 2802 3658 2856 καὶ
3698 2801 3778 2871 τῷ
3801 2803 4038 2872 ἁλήπτῳ

2443 2884 2542 2950 τῆς
2574 2885 2702 2954 περὶ
2725 2886 2896 2955 αὐτὴν
2919 2887 3332 2962 ὲκπληττομένη
3364 2894 3701 2957 συστάσεως,
3739 2895 3822 2956 εἰς
3846 2893 4039 2962 θαῦμα

2444 2973 2695 3043 τρέψασα
2717 2975 2817 3046 τὴν
2843 2979 3042 3049 ὁρμὴν,
3075 2980 3146 3034 τὰ
3164 2981 3258 3034 τοῦ
3299 2983 3466 3047 Δσκσὶδ
3497 2983 3864 3047 ἐνθεαστικιῖνς
3896 2986 4038 3054 πρὸς

2444 3064 2536 3116 τὸν
2562 3065 2671 3118 τῶν
2698 3067 2837 3121 ὅλων
2856 3068 2989 3122 Θεὸν
3022 3071 3460 3141 ἀποφθέγγεταιο
3493 3094 3510 3126 ι
3535 3074 3973 3144 Ἐθαυμαστώθη
4000 3078 4034 3144 ἡ

755 3141 912 3195 chori
947 3159 1142 3214 pompa
1180 3147 1462 3205 deducunt
1507 3163 1674 3224 atque
1703 3157 1960 3214 eﬁ‘erunt.
1993 3141 2130 3228 Quis
2168 3182 2332 3236 porro

2445 3154 2645 3220 γνῶσίς
2690 3173 2784 3209 σου
2836 3159 2893 3225 ἐξ
2926 3160 3062 3229 ὲμοῦ
3092 3178 3106 3191 ⁸
3133 3154 3483 3235 ὲθὲραταιώθη
3514 3207 3528 3229 ,
3578 3165 3641 3217 οὐ
3669 3141 3745 3234 μὴ
3783 3141 4036 3234 δύνωμαι

754 3246 946 3285 eorum
973 3249 1096 3302 quze
1129 3238 1240 3292 illic
1272 3241 1549 3296 celebrata
1583 3255 1714 3300 sunt
1765 3251 2036 3315 rationes,
2069 3271 2340 3325 exposue-

755 3319 862 3373 rit?
892 3321 1026 3388 Quis
1062 3335 1262 3388 mente,
1292 3333 1438 3384 velut
1474 3350 1684 3402 pennas
1712 3347 2107 3412 assumpserit,
2142 3319 2208 3402 ut
2242 3366 2340 3404 su-

755 3413 925 3468 hlime
958 3424 1149 3482 petens
1191 3422 1547 3488 miraculum,
1581 3430 1765 3483 volatu
1802 3436 2071 3489 assectari
2110 3446 2342 3494 conten-

754 3504 869 3566 dat,
895 3505 1128 3577 ejusque
1158 3519 1550 3573 communione
1582 3521 1967 3578 vehementius
2018 3529 2340 3585 amciatur?

755 3596 891 3660 Quis
922 3600 1164 3667 deruunt,
1203 3617 1260 3658 ut
1294 3611 1439 3677 quod
1467 3611 1649 3666 minus
1684 3623 1770 3668 est
1801 3616 2018 3685 loquar,
2089 3622 2172 3675 vel
2203 3623 2340 3678 forte

753 3691 916 3744 ctiam
949 3709 1010 3747 ex
1041 3700 1302 3756 secundis
1339 3702 1444 3758 illis
1475 3705 1610 3774 (97),
1644 3705 1788 3761 illum
1824 3708 2078 3766 humanae
2109 3728 2339 3771 concre-

754 3785 924 3840 tionis
1013 3786 1307 3846 lluxionem
1388 3796 1867 3871 (lcﬁuxionemque
1931 3802 2341 3875 descripserit?

753 3872 855 3927 Cui
920 3876 1288 3948 intelligenda:
1352 3885 1528 3956 impar
1589 3898 1809 3952 natura,
1866 3909 2206 3965 smpcnsque
2251 3899 2337 3953 sui

758 3973 943 4020 status
979 3968 1498 4040 iucomprehensam
1531 3979 1947 4044 obscuritatem,
1988 3988 2340 4042 contentione

756 4056 809 4109 in
854 4058 1182 4115 miraculum
1224 4081 1404 4130 versa,
1465 4069 1609 4122 velut
1641 4068 1898 4126 Numinis
1930 4074 2134 4135 alllatu.
2174 4076 2337 4131 Davi-

751 4148 877 4201 ilica
911 4151 1000 4204 illa
1032 4156 1418 4211 universorum
1453 4159 1563 4213 Deo
1596 4163 1978 4237 proquuitur:
2021 4185 2038 4216 ι
2071 4166 2338 4224 Mirabilis

753 4238 894 4293 facta
924 4251 1007 4296 est
1036 4247 1265 4301 scientia
1294 4258 1382 4304 tua
1409 4268 1472 4305 ex
1507 4269 1620 4316 me;
1650 4254 1960 4308 confortata
1998 4266 2104 4317 est,
2144 4268 2196 4312 et
2230 4277 2336 4314 nou

752 4341 942 4400 potero
993 4337 1059 4389 ad
1090 4354 1208 4392 eam
1238 4355 1260 4381 ι
1298 4359 1309 4393 :
1350 4362 1367 4393 ι
1410 4345 1556 4398 velut
1623 4364 1732 4401 non
1792 4360 2003 4406 tantum
2034 4353 2337 4408 demiretur

751 4423 1044 4480 humanam
1070 4435 1478 4488 concretionem
1505 4454 1598 4492 seu
1627 4444 2111 4510 compositionem,
2137 4447 2328 4516 ejusve

2446 3245 2582 3314 πρὸς
2610 3246 2804 3316 αὐτὴν.
2849 3267 2866 3298 r
2897 3251 3194 3321 Μονονουχὶ
3220 3251 3321 3323 τὴν
3361 3254 3490 3322 περὶ
3529 3255 3677 3324 ἡμᾶς
3703 3254 4036 3324 ἀποθαυμά-

2445 3335 2613 3398 ζουσα
2656 3337 2957 3410 σύμπηξιν,
2985 3342 3018 3412 ἢ
3055 3343 3327 3410 σύνθεσιν,
3355 3345 3387 3415 ἢ
3421 3345 3682 3415 ἔμπαλιν,
3709 3345 3810 3415 τὴν
3847 3349 3932 3409 είς
3963 3349 4031 3399 τὰ

2447 3427 2590 3497 μέρη
2636 3429 2940 3497 διάζευξινο
2977 3433 3094 3485 ἀλλ’
3140 3435 3240 3504 ἤδη
3285 3436 3384 3502 μέν
3409 3453 3495 3489 τοι
3529 3439 3624 3490 καὶ
3652 3438 3713 3488 τὸ
3743 3438 3876 3506 περὶ
3927 3439 4028 3507 τὴν

2443 3517 2703 3572 Βασιλίδα
2748 3521 2977 3592 ταύτην,
3003 3523 3101 3594 τὴν
3130 3525 3401 3594 ἄχραντόν
3433 3544 3493 3579 τε
3532 3528 3628 3580 καὶ
3678 3527 4036 3597 περιώνυμον

2442 3610 2610 3664 αὑτοῦ
2657 3613 2891 3684 Μητέρα
2941 3616 3355 3688 δυστέκμαρτον
3389 3620 3793 3684 ἀποθειάζουσα
3844 3619 4036 3689 θαῦμα

2440 3702 2686 3768 ὂκοινῶς
2727 3721 2788 3758 τε
2835 3706 2993 3777 ήμῶν
3031 3710 3124 3760 καὶ
3179 3709 3326 3772 ίόίως
3367 3711 3540 3779 αὐτῆς
3582 3709 4029 3781 γνωριζόμενον·

2442 3793 2591 3865 αύτῷ
2635 3796 2783 3866 μόνῳ
2827 3797 2906 3860 ὡς
2942 3800 3271 3872 παντουργῷ
3303 3803 3397 3854 καὶ
3449 3801 3560 3854 τῶν
3584 3803 3848 3856 τοιούτων
3877 3806 4036 3875 ἐξερ-

2443 3889 2644 3957 γαστῇ,
2685 3889 2794 3958 πρὸ
2826 3888 2934 3942 τῶν
2958 3889 3171 3945 αἰώνων
3207 3892 3553 3960 διέγνωσται.
3593 3893 3766 3947 Τοῦτο
3810 3895 4034 3966 ήμῶνὴ

2441 3979 2733 4041 διάπλασις
2760 3997 2772 4010 ·
2820 3981 2980 4034 τοῦτο
3004 3983 3161 4052 ἡμῶν
3190 3986 3223 4052 ἠ
3255 3986 3559 4055 σύμπηξις,
3593 3989 3624 4056 ὴ
3660 3986 3840 4051 λύσις,
3877 3989 3904 4041 ὃ
3940 3992 4034 4042 καὶ

2443 4073 2892 4144 πανηγυρίζομεν
2930 4077 3192 4146 σήμερον.
3210 4077 3406 4130 Ἔνθεν
3433 4079 3545 4146 ἐγὼ
3575 4081 4030 4148 συστελλόμενος,

2444 4164 2594 4233 φοὸᾦ
2622 4181 2681 4216 τε
2720 4166 2898 4234 τιμῶν
2937 4167 2998 4218 τὸ
3050 4169 3348 4239 μυστήριον
3368 4211 3382 4233 ,
3411 4170 3491 4239 τῷ
3524 4172 4033 4244 μεγαλοφωνοτάτῳ

2441 4255 2551 4307 τῶν
2598 4257 2896 4326 προφητῶν
2945 4256 3144 4328 Ἡσαΐᾳ
3188 4261 3616 4332 συμφθέγγομαι
3640 4279 3653 4292 ·
3689 4282 3708 4314 ι
3742 4263 3806 4315 Ὦ
3835 4264 4028 4327 τάλας,

2442 4347 2638 4415 λέγων,
2668 4348 2800 4415 ἐγὼ,
2834 4350 2916 4402 ὅτι
2949 4351 3378 4420 κατανένυγμαιο
3409 4355 3491 4406 ὅτι
3522 4354 3811 4425 ἄνθρωπος
3832 4355 3909 4408 ῶν
3937 4358 4031 4409 καὶ

2441 4440 2725 4510 ἀκάθαρτα
2749 4440 2903 4510 χείλη
2924 4441 3084 4510 ἔχων,
3119 4461 3137 4491 ι
3175 4442 3358 4512 τολμῶ
3386 4461 3438 4496 τι
3474 4447 3605 4515 περὶ
3640 4446 3738 4514 τῆς
3769 4446 4026 4514 καθαρᾶς

749 4531 970 4585 rursuun
1035 4521 1089 4575 in
1161 4540 1343 4592 partes
1403 4530 1836 4598 disjunctionem
1889 4553 1906 4589 :
1955 4539 2087 4606 quin
2153 4541 2332 4593 enim-

2445 4534 2535 4584 καὶ
2584 4533 2873 4602 ἀμιάντου,
2933 4533 3030 4585 καὶ
3078 4510 3594 4604 πάσηςὰγιότητός
3635 4510 4027 4606 ὑπερπλήρους

748 4626 896 4674 vero,
963 4621 1015 4666 et
1047 4615 1160 4682 jam
1199 4617 1401 4684 ipsum,
1465 4622 1516 4672 in
1579 4623 1790 4694 Regina
1827 4627 1932 4680 hac
1984 4629 2336 4683 immaculata

745 4700 1344 4776 illaillustrissimaque
1375 4712 1549 4779 ipsius
1584 4713 1778 4779 Matre,
1816 4719 2052 4772 arduum
2092 4720 2337 4774 miracu-

682 4823 684 4825 -
746 4791 856 4845 lum
920 4800 1147 4852 oraculo
1189 4803 1433 4857 celebret
1479 4807 1592 4876 (98)
1631 4798 1646 4860 Ξ
1687 4809 1831 4877 quod
1865 4812 2044 4879 palam
2080 4821 2131 4864 et
2175 4812 2337 4865 nobis

823 4970 1288 5034 1‘l‘saluxxxvm,
1335 4974 1390 5028 6.

2443 4629 2617 4678 εἰπεῖν
2644 4665 2657 4687 ,
2706 4626 2810 4686 καὶ,
2839 4625 3019 4692 λόγοις
3053 4626 3262 4697 ταύτην
3299 4627 3608 4696 ἐπιταφίοις
3657 4629 4028 4695 ἐγκωμιάζειν

2443 4716 2728 4786 ἐπιχειρῶ,
2745 4712 2812 4787 ἦς
2825 4717 3048 4784 νεφέλαι
3070 4717 3169 4785 μὲν
3195 4717 3586 4786 περικυκλοῦσι
3608 4717 3708 4786 τὴν
3726 4719 3874 4771 κατὰ
3891 4718 4026 4771 θεων

2447 4809 2568 4878 ρίαν
2587 4806 3066 4877 ὲπί62σιν,ὸμίχλη
3095 4806 3153 4858 δέ
3176 4823 3263 4869 τις
3301 4807 3467 4877 νοερὰ
3496 4806 3867 4877 περικέχυται
3903 4812 4025 4872 ταῖς

2084 5129 2494 5185 COMBEFISII'
2523 5129 2751 5185 ΝΟΤᾹΞ.

814 5266 922 5334 (ῢῦ)
965 5263 1155 5317 Generi
1188 5266 1519 5332 prwmiuunt
1553 5281 1569 5317 :
1606 5263 2331 5346 Προπομπεύειτούγένους

739 5337 1074 5416 ἔμπροσθεν.
1120 5336 1280 5417 Velut
1319 5339 1457 5417 alias
1487 5345 1570 5417 .ct
1621 5336 1893 5417 secundas
1946 5336 2271 5417 primitias,”
2301 5351 2329 5388 a

743 5408 1008 5460 lmzuinici
1041 5408 1293 5475 corporis
1320 5409 1449 5458 olim
1487 5408 1537 5459 in
1575 5414 1776 5460 caelum
1809 5408 2016 5475 recepti
2045 5408 2326 5486 primitiis,

743 5495 879 5546 quas
914 5481 1132 5530 easdem
1166 5481 1304 5547 ipsa.
1351 5493 1413 5529 ex
1456 5480 1575 5544 ipso
1609 5492 1810 5545 genere
1847 5480 2190 5547 comparavit
2222 5495 2233 5528 :
2264 5492 2330 5527 eo

743 5553 880 5602 litl‘lﬂ
920 5549 1009 5601 Dei
1045 5546 1236 5608 Mater,
1264 5565 1373 5616 quo
1408 5547 1778 5627 liomo:_quo_d
1812 5546 2060 5627 andreas
2089 5562 2329 5615 sequen-

741 5626 890 5672 tihus
925 5620 1184 5680 intendit,
1219 5621 1379 5687 plane
1411 5620 1886 5702 exquisitissimis.
1963 5687 2033 5702 Ν

809 5691 921 5758 (97)
970 5687 1058 5742 δἐι
1085 5685 1402 5767 [ονιεήςιίαηι
1431 5685 1765 5767 ersecuudis
1798 5688 1928 5739 illis.
1961 5687 2116 5767 Τάχα
2144 5686 2198 5767 δξ
2231 5685 2326 5736 καὶ

736 5762 848 5813 τῶν
885 5762 1180 5831 δευτέρων.
1242 5760 1516 5814 Proximis
1573 5760 1832 5838 nimirum
1883 5759 2226 5838 antheolugis
2273 5767 2327 5810 ct

741 5829 1251 5907 apuStoliquualis
1276 5841 1393 5886 erat
1427 5833 1516 5887 ille
1549 5830 1880 5886 llicrothcus
1911 5829 2156 5900 Donysii
2182 5842 2238 5896 _c.
2263 5843 2321 5881 lll

2435 5263 2510 5317 De
2562 5265 2731 5317 divin.
2769 5281 2938 5325 nom.,
2995 5274 3329 5347 συιδ-θυρίον
3362 5263 3581 5346 alludit,
3611 5265 4018 5347 perstringens,

2431 5337 2703 5403 explicata
2735 5351 2799 5389 ex
2834 5336 2927 5387 illo
2977 5335 3045 5389 de
3081 5335 3266 5389 Mariae
3302 5335 3566 5393 transitu.
3613 5341 3667 5388 et
3707 5336 4018 5404 exsequiis,

2431 5406 2761 5474 praiceilcnti
2795 5405 3070 5458 oratione.

2501 5475 2611 5500 [nol
2668 5474 2894 5500 a...l.......
2928 5475 3242 5500 ..:..--..l.....
3325 5473 3540 5500 -..ι--..Ιιι
3597 5475 3672 5500 -..Ι

2500 5475 2612 5540 (98)
2655 5474 2895 5527 Arduum
2927 5475 3268 5534 miraculum,
3320 5473 3540 5526 oraculo
3593 5473 3840 5528 celebret.
3886 5480 4019 5526 Δυσ-

2427 5547 2740 5615 τέκμαρτον
2759 5544 3168 5623 ἁποθειαζουσα
3189 5544 3396 5610 θαῦμα.
3423 5541 3580 5623 Ϋριιιι
3598 5555 4021 5623 consecr_ans_et

2435 5619 2489 5670 iu
2525 5613 2844 5684 religionem
2901 5616 3164 5693 trahe_ns,_
3200 5629 3394 5693 ac_ceu
3426 5615 3679 5693 divinqu
3706 5614 3847 5693 quid
3885 5613 4012 5668 eﬂ‘e-

2439 5702 2562 5740 rens
2596 5680 2792 5738 fidem
2847 5681 3468 5765 atqu'efmoe-téiouoa'
3511 5682 3619 5765 nisi
3655 5680 3812 5765 forte
3838 5685 4021 5765 legen-

2436 5759 2563 5809 dum
2590 5764 2739 5810 esset
2775 5754 3184 5819 ἐπιθειάζουσα,
3213 5754 3369 5823 Quod
3402 5763 3485 5809 est
3506 5754 3673 5808 etiam
3700 5754 4010 5816 vaticinari,

2436 5838 2487 5882 ct
2527 5827 2681 5881 Suid.
2719 5824 3022 5896 ἑορτάζειν.
