  <div class='ocr_page' id='page_1' title='image "/cluster/home/n/w/nwhite01/storage/ocr_20150623/87/nnc1.0046979751/543.png"; bbox 0 0 4176 6448; ppageno 0'>
   <div class='ocr_carea' id='block_1_1' title="bbox 759 383 991 450">
    <p class='ocr_par' dir='ltr' id='par_1_1' title="bbox 759 383 991 450">
     <span class='ocr_line' id='line_1_1' title="bbox 759 383 991 450; baseline 0.013 -2"><span class='ocrx_word' id='word_1_1' title='bbox 759 383 905 450; x_wconf 70' lang='grc'><strong>1091·</strong></span> <span class='ocrx_word' id='word_1_2' title='bbox 988 431 991 433; x_wconf 91' lang='grc'><strong><em>-</em></strong></span> 
     </span>
    </p>
   </div>
   <div class='ocr_carea' id='block_1_2' title="bbox 1944 394 2877 471">
    <p class='ocr_par' dir='ltr' id='par_1_2' title="bbox 1944 394 2877 471">
     <span class='ocr_line' id='line_1_2' title="bbox 1944 394 2877 471; baseline 0.006 -20"><span class='ocrx_word' id='word_1_3' title='bbox 1944 394 2004 451; x_wconf 94' lang='lat' dir='ltr'><strong>S.</strong></span> <span class='ocrx_word' id='word_1_4' title='bbox 2046 394 2373 455; x_wconf 71' lang='lat' dir='ltr'><strong>ANDRE/E</strong></span> <span class='ocrx_word' id='word_1_5' title='bbox 2411 397 2828 456; x_wconf 85' lang='lat' dir='ltr'><strong>CRETENSIS</strong></span> <span class='ocrx_word' id='word_1_6' title='bbox 2870 466 2877 471; x_wconf 44' lang='grc'><strong>,</strong></span> 
     </span>
    </p>
   </div>
   <div class='ocr_carea' id='block_1_3' title="bbox 3896 398 4058 465">
    <p class='ocr_par' dir='ltr' id='par_1_3' title="bbox 3896 398 4058 465">
     <span class='ocr_line' id='line_1_3' title="bbox 3896 398 4058 465; baseline 0.037 -6"><span class='ocrx_word' id='word_1_7' title='bbox 3896 398 4058 465; x_wconf 62' lang='grc' dir='ltr'><strong>ῙΟΩ</strong></span> 
     </span>
    </p>
   </div>
   <div class='ocr_carea' id='block_1_4' title="bbox 754 495 2333 581">
    <p class='ocr_par' dir='ltr' id='par_1_4' title="bbox 754 495 2331 574">
     <span class='ocr_line' id='line_1_4' title="bbox 754 495 2331 574; baseline 0.004 -21"><span class='ocrx_word' id='word_1_8' title='bbox 754 498 1019 555; x_wconf 75' lang='lat' dir='ltr'><strong>arbitror.</strong></span> <span class='ocrx_word' id='word_1_9' title='bbox 1044 495 1154 551; x_wconf 83' lang='lat' dir='ltr'><strong>Deo</strong></span> <span class='ocrx_word' id='word_1_10' title='bbox 1176 496 1371 552; x_wconf 70' lang='lat' dir='ltr'><strong>amatae</strong></span> <span class='ocrx_word' id='word_1_11' title='bbox 1391 507 1712 553; x_wconf 86' lang='lat' dir='ltr'><strong>sanctorum</strong></span> <span class='ocrx_word' id='word_1_12' title='bbox 1754 502 1974 567; x_wconf 64' lang='lat' dir='ltr'><strong>animm,</strong></span> <span class='ocrx_word' id='word_1_13' title='bbox 2007 519 2145 571; x_wconf 84' lang='lat' dir='ltr'><strong>quas</strong></span> <span class='ocrx_word' id='word_1_14' title='bbox 2165 508 2331 574; x_wconf 79' lang='lat' dir='ltr'><strong>spiri-</strong></span> 
     </span>
    </p>
   </div>
   <div class='ocr_carea' id='block_1_5' title="bbox 2437 495 4057 581">
    <p class='ocr_par' dir='ltr' id='par_1_5' title="bbox 2437 503 4057 581">
     <span class='ocr_line' id='line_1_5' title="bbox 2437 503 4057 581; baseline 0.005 -20"><span class='ocrx_word' id='word_1_15' title='bbox 2437 512 2796 579; x_wconf 83' lang='grc' dir='ltr'>χορεύουσαι·</span> <span class='ocrx_word' id='word_1_16' title='bbox 2839 509 2905 569; x_wconf 83' lang='grc' dir='ltr'>ἃς</span> <span class='ocrx_word' id='word_1_17' title='bbox 2942 510 2975 577; x_wconf 82' lang='grc' dir='ltr'><strong>ἡ</strong></span> <span class='ocrx_word' id='word_1_18' title='bbox 3019 510 3127 561; x_wconf 84' lang='grc' dir='ltr'><strong>τῶν</strong></span> <span class='ocrx_word' id='word_1_19' title='bbox 3162 503 3451 580; x_wconf 82' lang='grc' dir='ltr'>’ᾼσμάτων</span> <span class='ocrx_word' id='word_1_20' title='bbox 3499 513 3681 581; x_wconf 79' lang='grc' dir='ltr'>πυκτὴ</span> <span class='ocrx_word' id='word_1_21' title='bbox 3733 516 4057 581; x_wconf 67' lang='grc' dir='ltr'>νεάνιδας</span> 
     </span>
    </p>
   </div>
   <div class='ocr_carea' id='block_1_6' title="bbox 754 588 2331 661">
    <p class='ocr_par' dir='ltr' id='par_1_6' title="bbox 754 588 2331 661">
     <span class='ocr_line' id='line_1_6' title="bbox 754 588 2331 661; baseline 0.005 -21"><span class='ocrx_word' id='word_1_22' title='bbox 754 588 851 641; x_wconf 90' lang='lat' dir='ltr'><strong>tali</strong></span> <span class='ocrx_word' id='word_1_23' title='bbox 889 602 1057 641; x_wconf 80' lang='lat' dir='ltr'><strong>sensu</strong></span> <span class='ocrx_word' id='word_1_24' title='bbox 1109 588 1251 643; x_wconf 83' lang='lat' dir='ltr'><strong>liber</strong></span> <span class='ocrx_word' id='word_1_25' title='bbox 1304 588 1669 643; x_wconf 74' lang='lat' dir='ltr'><strong>Canticorum</strong></span> <span class='ocrx_word' id='word_1_26' title='bbox 1711 593 2026 659; x_wconf 71' lang='lat' dir='ltr'><strong>Juvcnculas</strong></span> <span class='ocrx_word' id='word_1_27' title='bbox 2065 597 2331 661; x_wconf 89' lang='lat' dir='ltr'><strong>nominat;</strong></span> 
     </span>
    </p>
   </div>
   <div class='ocr_carea' id='block_1_7' title="bbox 754 678 2335 749">
    <p class='ocr_par' dir='ltr' id='par_1_7' title="bbox 754 678 2335 749">
     <span class='ocr_line' id='line_1_7' title="bbox 754 678 2335 749; baseline 0.006 -19"><span class='ocrx_word' id='word_1_28' title='bbox 754 678 958 731; x_wconf 87' lang='lat' dir='ltr'><strong>choros</strong></span> <span class='ocrx_word' id='word_1_29' title='bbox 1012 678 1223 731; x_wconf 87' lang='lat' dir='ltr'><strong>circum</strong></span> <span class='ocrx_word' id='word_1_30' title='bbox 1277 679 1482 732; x_wconf 90' lang='lat' dir='ltr'><strong>lectum</strong></span> <span class='ocrx_word' id='word_1_31' title='bbox 1542 691 1787 749; x_wconf 79' lang='lat' dir='ltr'><strong>agentes,</strong></span> <span class='ocrx_word' id='word_1_32' title='bbox 1857 683 2156 737; x_wconf 85' lang='lat' dir='ltr'><strong>identidem</strong></span> <span class='ocrx_word' id='word_1_33' title='bbox 2238 686 2335 739; x_wconf 84' lang='lat' dir='ltr'><strong>ad-</strong></span> 
     </span>
    </p>
   </div>
   <div class='ocr_carea' id='block_1_8' title="bbox 756 767 2337 834">
    <p class='ocr_par' dir='ltr' id='par_1_8' title="bbox 756 767 2337 834">
     <span class='ocr_line' id='line_1_8' title="bbox 756 767 2337 834; baseline 0.004 -13"><span class='ocrx_word' id='word_1_34' title='bbox 756 777 916 821; x_wconf 81' lang='lat' dir='ltr'><strong>erant</strong></span> <span class='ocrx_word' id='word_1_35' title='bbox 946 778 991 820; x_wconf 79' lang='grc' dir='ltr'><strong>ι.</strong></span> <span class='ocrx_word' id='word_1_36' title='bbox 1030 767 1137 820; x_wconf 82' lang='lat' dir='ltr'><strong>Par</strong></span> <span class='ocrx_word' id='word_1_37' title='bbox 1178 771 1322 822; x_wconf 86' lang='lat' dir='ltr'><strong>enim</strong></span> <span class='ocrx_word' id='word_1_38' title='bbox 1367 779 1506 834; x_wconf 92' lang='lat' dir='ltr'><strong>erat,</strong></span> <span class='ocrx_word' id='word_1_39' title='bbox 1546 781 1606 824; x_wconf 90' lang='lat' dir='ltr'><strong>ut</strong></span> <span class='ocrx_word' id='word_1_40' title='bbox 1637 772 1936 827; x_wconf 80' lang='lat' dir='ltr'><strong>deiformes</strong></span> <span class='ocrx_word' id='word_1_41' title='bbox 1968 776 2074 828; x_wconf 79' lang='lat' dir='ltr'><strong>vita</strong></span> <span class='ocrx_word' id='word_1_42' title='bbox 2123 776 2337 829; x_wconf 84' lang='lat' dir='ltr'><strong>functo-</strong></span> 
     </span>
    </p>
   </div>
   <div class='ocr_carea' id='block_1_9' title="bbox 757 861 2335 936">
    <p class='ocr_par' dir='ltr' id='par_1_9' title="bbox 757 861 2335 936">
     <span class='ocr_line' id='line_1_9' title="bbox 757 861 2335 936; baseline 0.005 -22"><span class='ocrx_word' id='word_1_43' title='bbox 757 876 876 914; x_wconf 88' lang='lat' dir='ltr'><strong>rum</strong></span> <span class='ocrx_word' id='word_1_44' title='bbox 938 861 1134 914; x_wconf 68' lang='lat' dir='ltr'><strong>animze</strong></span> <span class='ocrx_word' id='word_1_45' title='bbox 1190 865 1398 928; x_wconf 80' lang='lat' dir='ltr'><strong>pariter</strong></span> <span class='ocrx_word' id='word_1_46' title='bbox 1456 864 1737 929; x_wconf 86' lang='lat' dir='ltr'><strong>adessent,</strong></span> <span class='ocrx_word' id='word_1_47' title='bbox 1800 867 2059 936; x_wconf 86' lang='lat' dir='ltr'><strong>migranti</strong></span> <span class='ocrx_word' id='word_1_48' title='bbox 2112 866 2335 936; x_wconf 63' lang='lat' dir='ltr'><strong>Regium</strong></span> 
     </span>
    </p>
   </div>
   <div class='ocr_carea' id='block_1_10' title="bbox 756 952 2334 1025">
    <p class='ocr_par' dir='ltr' id='par_1_10' title="bbox 756 952 2334 1025">
     <span class='ocr_line' id='line_1_10' title="bbox 756 952 2334 1025; baseline 0.006 -23"><span class='ocrx_word' id='word_1_49' title='bbox 756 952 1069 1019; x_wconf 69' lang='lat' dir='ltr'><strong>prmiturte:</strong></span> <span class='ocrx_word' id='word_1_50' title='bbox 1125 962 1293 1020; x_wconf 86' lang='lat' dir='ltr'><strong>utque</strong></span> <span class='ocrx_word' id='word_1_51' title='bbox 1340 955 1573 1009; x_wconf 82' lang='lat' dir='ltr'><strong>comites</strong></span> <span class='ocrx_word' id='word_1_52' title='bbox 1626 971 1825 1025; x_wconf 87' lang='lat' dir='ltr'><strong>pompa</strong></span> <span class='ocrx_word' id='word_1_53' title='bbox 1881 957 2237 1019; x_wconf 84' lang='lat' dir='ltr'><strong>deducerent.</strong></span> <span class='ocrx_word' id='word_1_54' title='bbox 2270 973 2334 1011; x_wconf 88' lang='lat' dir='ltr'><strong>ac</strong></span> 
     </span>
    </p>
   </div>
   <div class='ocr_carea' id='block_1_11' title="bbox 758 1043 2331 1116">
    <p class='ocr_par' dir='ltr' id='par_1_11' title="bbox 758 1043 2331 1116">
     <span class='ocr_line' id='line_1_11' title="bbox 758 1043 2331 1116; baseline 0.004 -23"><span class='ocrx_word' id='word_1_55' title='bbox 758 1043 978 1094; x_wconf 88' lang='lat' dir='ltr'><strong>lamlum</strong></span> <span class='ocrx_word' id='word_1_56' title='bbox 1010 1044 1227 1096; x_wconf 88' lang='lat' dir='ltr'><strong>cantica</strong></span> <span class='ocrx_word' id='word_1_57' title='bbox 1290 1058 1385 1111; x_wconf 89' lang='lat' dir='ltr'><strong>pro</strong></span> <span class='ocrx_word' id='word_1_58' title='bbox 1435 1046 1710 1112; x_wconf 83' lang='lat' dir='ltr'><strong>ejusmodi</strong></span> <span class='ocrx_word' id='word_1_59' title='bbox 1763 1062 1791 1099; x_wconf 92' lang='lat' dir='ltr'><strong>a</strong></span> <span class='ocrx_word' id='word_1_60' title='bbox 1825 1062 2058 1116; x_wconf 89' lang='lat' dir='ltr'><strong>corpore</strong></span> <span class='ocrx_word' id='word_1_61' title='bbox 2100 1063 2331 1103; x_wconf 81' lang='lat' dir='ltr'><strong>excessu</strong></span> 
     </span>
    </p>
   </div>
   <div class='ocr_carea' id='block_1_12' title="bbox 755 1132 2332 1207">
    <p class='ocr_par' dir='ltr' id='par_1_12' title="bbox 755 1132 2332 1207">
     <span class='ocr_line' id='line_1_12' title="bbox 755 1132 2332 1207; baseline 0.006 -24"><span class='ocrx_word' id='word_1_62' title='bbox 755 1132 1095 1185; x_wconf 78' lang='lat' dir='ltr'><strong>accinerent.</strong></span> <span class='ocrx_word' id='word_1_63' title='bbox 1132 1132 1328 1186; x_wconf 89' lang='lat' dir='ltr'><strong>Coram</strong></span> <span class='ocrx_word' id='word_1_64' title='bbox 1375 1150 1509 1203; x_wconf 86' lang='lat' dir='ltr'><strong>ergo</strong></span> <span class='ocrx_word' id='word_1_65' title='bbox 1550 1136 1770 1204; x_wconf 81' lang='lat' dir='ltr'><strong>jaccbat</strong></span> <span class='ocrx_word' id='word_1_66' title='bbox 1814 1146 1927 1192; x_wconf 90' lang='lat' dir='ltr'><strong>tres</strong></span> <span class='ocrx_word' id='word_1_67' title='bbox 1969 1139 2190 1207; x_wconf 87' lang='lat' dir='ltr'><strong>longum</strong></span> <span class='ocrx_word' id='word_1_68' title='bbox 2232 1154 2332 1192; x_wconf 86' lang='lat' dir='ltr'><strong>cu-</strong></span> 
     </span>
    </p>
   </div>
   <div class='ocr_carea' id='block_1_13' title="bbox 756 1222 2331 1297">
    <p class='ocr_par' dir='ltr' id='par_1_13' title="bbox 756 1222 2331 1297">
     <span class='ocr_line' id='line_1_13' title="bbox 756 1222 2331 1297; baseline 0.004 -23"><span class='ocrx_word' id='word_1_69' title='bbox 756 1222 898 1276; x_wconf 87' lang='lat' dir='ltr'><strong>bitos</strong></span> <span class='ocrx_word' id='word_1_70' title='bbox 934 1237 997 1275; x_wconf 91' lang='lat' dir='ltr'><strong>ac</strong></span> <span class='ocrx_word' id='word_1_71' title='bbox 1031 1223 1369 1278; x_wconf 90' lang='lat' dir='ltr'><strong>luminosum</strong></span> <span class='ocrx_word' id='word_1_72' title='bbox 1426 1225 1562 1278; x_wconf 90' lang='lat' dir='ltr'><strong>illud</strong></span> <span class='ocrx_word' id='word_1_73' title='bbox 1629 1225 1876 1296; x_wconf 67' lang='lat' dir='ltr'><strong>Deiparze</strong></span> <span class='ocrx_word' id='word_1_74' title='bbox 1922 1242 2153 1297; x_wconf 91' lang='lat' dir='ltr'><strong>corpus,</strong></span> <span class='ocrx_word' id='word_1_75' title='bbox 2183 1227 2331 1297; x_wconf 89' lang='lat' dir='ltr'><strong>quod</strong></span> 
     </span>
    </p>
   </div>
   <div class='ocr_carea' id='block_1_14' title="bbox 754 1315 2332 1387">
    <p class='ocr_par' dir='ltr' id='par_1_14' title="bbox 754 1315 2332 1387">
     <span class='ocr_line' id='line_1_14' title="bbox 754 1315 2332 1387; baseline 0.003 -20"><span class='ocrx_word' id='word_1_76' title='bbox 754 1322 924 1367; x_wconf 83' lang='lat' dir='ltr'><strong>totam</strong></span> <span class='ocrx_word' id='word_1_77' title='bbox 957 1315 1296 1368; x_wconf 82' lang='lat' dir='ltr'><strong>divinissimi</strong></span> <span class='ocrx_word' id='word_1_78' title='bbox 1333 1315 1498 1369; x_wconf 83' lang='lat' dir='ltr'><strong>Verbi</strong></span> <span class='ocrx_word' id='word_1_79' title='bbox 1550 1317 1950 1384; x_wconf 90' lang='lat' dir='ltr'><strong>plenitudinem</strong></span> <span class='ocrx_word' id='word_1_80' title='bbox 1994 1334 2191 1387; x_wconf 85' lang='lat' dir='ltr'><strong>capere</strong></span> <span class='ocrx_word' id='word_1_81' title='bbox 2232 1333 2332 1387; x_wconf 86' lang='lat' dir='ltr'><strong>po-</strong></span> 
     </span>
    </p>
   </div>
   <div class='ocr_carea' id='block_1_15' title="bbox 755 1406 2331 1479">
    <p class='ocr_par' dir='ltr' id='par_1_15' title="bbox 755 1406 2331 1479">
     <span class='ocr_line' id='line_1_15' title="bbox 755 1406 2331 1479; baseline 0.001 -20"><span class='ocrx_word' id='word_1_82' title='bbox 755 1406 985 1470; x_wconf 88' lang='lat' dir='ltr'><strong>tuisset;</strong></span> <span class='ocrx_word' id='word_1_83' title='bbox 1052 1408 1304 1474; x_wconf 80' lang='lat' dir='ltr'><strong>atquein</strong></span> <span class='ocrx_word' id='word_1_84' title='bbox 1368 1409 1510 1460; x_wconf 87' lang='lat' dir='ltr'><strong>lecto</strong></span> <span class='ocrx_word' id='word_1_85' title='bbox 1564 1420 1946 1479; x_wconf 83' lang='lat' dir='ltr'><strong>conspectum,</strong></span> <span class='ocrx_word' id='word_1_86' title='bbox 2020 1413 2175 1463; x_wconf 89' lang='lat' dir='ltr'><strong>suavi</strong></span> <span class='ocrx_word' id='word_1_87' title='bbox 2228 1427 2331 1463; x_wconf 89' lang='lat' dir='ltr'><strong>uu-</strong></span> 
     </span>
    </p>
   </div>
   <div class='ocr_carea' id='block_1_16' title="bbox 755 1495 2334 1566">
    <p class='ocr_par' dir='ltr' id='par_1_16' title="bbox 755 1495 2334 1566">
     <span class='ocr_line' id='line_1_16' title="bbox 755 1495 2334 1566; baseline 0.006 -25"><span class='ocrx_word' id='word_1_88' title='bbox 755 1495 939 1563; x_wconf 76' lang='lat' dir='ltr'><strong>gucnti</strong></span> <span class='ocrx_word' id='word_1_89' title='bbox 972 1495 1285 1548; x_wconf 74' lang='lat' dir='ltr'><strong>sanctitatis</strong></span> <span class='ocrx_word' id='word_1_90' title='bbox 1327 1496 1657 1563; x_wconf 87' lang='lat' dir='ltr'><strong>fragrantia,</strong></span> <span class='ocrx_word' id='word_1_91' title='bbox 1694 1509 1882 1551; x_wconf 89' lang='lat' dir='ltr'><strong>creata</strong></span> <span class='ocrx_word' id='word_1_92' title='bbox 1926 1500 2180 1551; x_wconf 87' lang='lat' dir='ltr'><strong>universa</strong></span> <span class='ocrx_word' id='word_1_93' title='bbox 2212 1512 2334 1566; x_wconf 83' lang='lat' dir='ltr'><strong>per-</strong></span> 
     </span>
    </p>
   </div>
   <div class='ocr_carea' id='block_1_17' title="bbox 757 1584 2335 1657">
    <p class='ocr_par' dir='ltr' id='par_1_17' title="bbox 757 1584 2335 1657">
     <span class='ocr_line' id='line_1_17' title="bbox 757 1584 2335 1657; baseline 0.003 -21"><span class='ocrx_word' id='word_1_94' title='bbox 757 1584 1040 1639; x_wconf 84' lang='lat' dir='ltr'><strong>fundebat.</strong></span> <span class='ocrx_word' id='word_1_95' title='bbox 1087 1586 1219 1649; x_wconf 68' lang='lat' dir='ltr'><strong>Qua:</strong></span> <span class='ocrx_word' id='word_1_96' title='bbox 1269 1601 1442 1649; x_wconf 89' lang='lat' dir='ltr'><strong>mens,</strong></span> <span class='ocrx_word' id='word_1_97' title='bbox 1496 1602 1686 1655; x_wconf 68' lang='grc' dir='ltr'>(μιαινο</span> <span class='ocrx_word' id='word_1_98' title='bbox 1725 1589 1909 1656; x_wconf 81' lang='lat' dir='ltr'><strong>lingua</strong></span> <span class='ocrx_word' id='word_1_99' title='bbox 1970 1604 2161 1641; x_wconf 91' lang='lat' dir='ltr'><strong>eorum</strong></span> <span class='ocrx_word' id='word_1_100' title='bbox 2208 1602 2335 1657; x_wconf 63' lang='lat' dir='ltr'><strong>qua</strong></span> 
     </span>
    </p>
   </div>
   <div class='ocr_carea' id='block_1_18' title="bbox 755 1676 2335 1749">
    <p class='ocr_par' dir='ltr' id='par_1_18' title="bbox 755 1676 2335 1749">
     <span class='ocr_line' id='line_1_18' title="bbox 755 1676 2335 1749; baseline 0.004 -23"><span class='ocrx_word' id='word_1_101' title='bbox 755 1676 869 1727; x_wconf 87' lang='lat' dir='ltr'><strong>illic</strong></span> <span class='ocrx_word' id='word_1_102' title='bbox 903 1676 1335 1743; x_wconf 70' lang='lat' dir='ltr'><strong>aspcctahantur</strong></span> <span class='ocrx_word' id='word_1_103' title='bbox 1364 1678 1607 1731; x_wconf 85' lang='lat' dir='ltr'><strong>rationes</strong></span> <span class='ocrx_word' id='word_1_104' title='bbox 1642 1680 1900 1747; x_wconf 83' lang='lat' dir='ltr'><strong>aperiat?</strong></span> <span class='ocrx_word' id='word_1_105' title='bbox 1934 1676 2129 1733; x_wconf 88' lang='lat' dir='ltr'><strong>Omnia</strong></span> <span class='ocrx_word' id='word_1_106' title='bbox 2158 1679 2335 1749; x_wconf 89' lang='lat' dir='ltr'><strong>siqui-</strong></span> 
     </span>
    </p>
   </div>
   <div class='ocr_carea' id='block_1_19' title="bbox 752 1752 2333 1839">
    <p class='ocr_par' dir='ltr' id='par_1_19' title="bbox 752 1752 2333 1839">
     <span class='ocr_line' id='line_1_19' title="bbox 752 1752 2333 1839; baseline 0.003 -21"><span class='ocrx_word' id='word_1_107' title='bbox 752 1766 875 1819; x_wconf 91' lang='lat' dir='ltr'><strong>dem</strong></span> <span class='ocrx_word' id='word_1_108' title='bbox 933 1768 1333 1823; x_wconf 86' lang='lat' dir='ltr'><strong>obscuritatem</strong></span> <span class='ocrx_word' id='word_1_109' title='bbox 1394 1785 1611 1822; x_wconf 90' lang='lat' dir='ltr'><strong>omnem</strong></span> <span class='ocrx_word' id='word_1_110' title='bbox 1654 1778 1709 1824; x_wconf 89' lang='lat' dir='ltr'><strong>et</strong></span> <span class='ocrx_word' id='word_1_111' title='bbox 1768 1752 2060 1839; x_wconf 78' lang='lat' dir='ltr'><strong>caliginem</strong></span> <span class='ocrx_word' id='word_1_112' title='bbox 2098 1772 2333 1824; x_wconf 84' lang='lat' dir='ltr'><strong>innuen-</strong></span> 
     </span>
    </p>
   </div>
   <div class='ocr_carea' id='block_1_20' title="bbox 2438 600 4049 675">
    <p class='ocr_par' dir='ltr' id='par_1_20' title="bbox 2438 600 4049 675">
     <span class='ocr_line' id='line_1_20' title="bbox 2438 600 4049 675; baseline 0.002 -23"><span class='ocrx_word' id='word_1_113' title='bbox 2438 601 2584 654; x_wconf 86' lang='grc' dir='ltr'>κατὰ</span> <span class='ocrx_word' id='word_1_114' title='bbox 2617 600 2884 668; x_wconf 82' lang='grc' dir='ltr'>μυστικὴν</span> <span class='ocrx_word' id='word_1_115' title='bbox 2916 600 3186 652; x_wconf 72' lang='grc' dir='ltr'><strong>ἀποκαλεῖ</strong></span> <span class='ocrx_word' id='word_1_116' title='bbox 3212 600 3469 670; x_wconf 88' lang='grc' dir='ltr'>Θεωρίαν.</span> <span class='ocrx_word' id='word_1_117' title='bbox 3498 602 3747 671; x_wconf 82' lang='grc' dir='ltr'>’Βπρεπε</span> <span class='ocrx_word' id='word_1_118' title='bbox 3810 605 3939 674; x_wconf 72' lang='grc' dir='ltr'><strong>γὰρ</strong></span> <span class='ocrx_word' id='word_1_119' title='bbox 3978 610 4049 675; x_wconf 64' lang='grc' dir='ltr'><strong>τῇ</strong></span> 
     </span>
    </p>
   </div>
   <div class='ocr_carea' id='block_1_21' title="bbox 2440 688 4052 760">
    <p class='ocr_par' dir='ltr' id='par_1_21' title="bbox 2440 688 4052 760">
     <span class='ocr_line' id='line_1_21' title="bbox 2440 688 4052 760; baseline 0.001 -17"><span class='ocrx_word' id='word_1_120' title='bbox 2440 691 2673 760; x_wconf 85' lang='grc' dir='ltr'>βασιλίδι</span> <span class='ocrx_word' id='word_1_121' title='bbox 2703 692 2802 758; x_wconf 86' lang='grc' dir='ltr'>τῆς</span> <span class='ocrx_word' id='word_1_122' title='bbox 2832 689 3046 756; x_wconf 85' lang='grc' dir='ltr'>φύσεως</span> <span class='ocrx_word' id='word_1_123' title='bbox 3098 690 3197 749; x_wconf 83' lang='grc' dir='ltr'>τὰς</span> <span class='ocrx_word' id='word_1_124' title='bbox 3235 688 3488 751; x_wconf 73' lang='grc' dir='ltr'><strong>θεοειδεῖς</strong></span> <span class='ocrx_word' id='word_1_125' title='bbox 3521 692 3629 743; x_wconf 86' lang='grc' dir='ltr'>τῶν</span> <span class='ocrx_word' id='word_1_126' title='bbox 3670 692 4052 760; x_wconf 68' lang='grc' dir='ltr'>βεϐιωκότων</span> 
     </span>
    </p>
   </div>
   <div class='ocr_carea' id='block_1_22' title="bbox 2439 779 4048 851">
    <p class='ocr_par' dir='ltr' id='par_1_22' title="bbox 2439 779 4048 851">
     <span class='ocr_line' id='line_1_22' title="bbox 2439 779 4048 851; baseline 0.002 -18"><span class='ocrx_word' id='word_1_127' title='bbox 2439 784 2807 851; x_wconf 75' lang='grc' dir='ltr'><strong>συμπαρεῖναι</strong></span> <span class='ocrx_word' id='word_1_128' title='bbox 2859 779 3060 849; x_wconf 78' lang='grc' dir='ltr'>ψυχὰς,</span> <span class='ocrx_word' id='word_1_129' title='bbox 3132 781 3597 849; x_wconf 79' lang='grc' dir='ltr'>προοδοποιούσας</span> <span class='ocrx_word' id='word_1_130' title='bbox 3655 784 3755 851; x_wconf 74' lang='grc' dir='ltr'>τὴν</span> <span class='ocrx_word' id='word_1_131' title='bbox 3806 786 4048 848; x_wconf 71' lang='grc' dir='ltr'>ἔξοδον·</span> 
     </span>
    </p>
   </div>
   <div class='ocr_carea' id='block_1_23' title="bbox 2434 872 4049 943">
    <p class='ocr_par' dir='ltr' id='par_1_23' title="bbox 2434 872 4049 943">
     <span class='ocr_line' id='line_1_23' title="bbox 2434 872 4049 943; baseline 0.001 -18"><span class='ocrx_word' id='word_1_132' title='bbox 2434 873 2687 943; x_wconf 80' lang='grc' dir='ltr'>ἡγεῖσθαί</span> <span class='ocrx_word' id='word_1_133' title='bbox 2713 889 2773 923; x_wconf 87' lang='grc' dir='ltr'><strong>τε</strong></span> <span class='ocrx_word' id='word_1_134' title='bbox 2807 872 2978 941; x_wconf 81' lang='grc' dir='ltr'>αὐτῆς</span> <span class='ocrx_word' id='word_1_135' title='bbox 3008 872 3102 923; x_wconf 70' lang='grc' dir='ltr'><strong>καὶ</strong></span> <span class='ocrx_word' id='word_1_136' title='bbox 3151 873 3587 942; x_wconf 76' lang='grc' dir='ltr'>προπομπεύειν,</span> <span class='ocrx_word' id='word_1_137' title='bbox 3620 876 3718 926; x_wconf 71' lang='grc' dir='ltr'>καὶ</span> <span class='ocrx_word' id='word_1_138' title='bbox 3748 877 3825 927; x_wconf 77' lang='grc' dir='ltr'>τὰ</span> <span class='ocrx_word' id='word_1_139' title='bbox 3852 876 4049 938; x_wconf 63' lang='grc' dir='ltr'>ἐξνᾷδια</span> 
     </span>
    </p>
   </div>
   <div class='ocr_carea' id='block_1_24' title="bbox 2439 963 4051 1035">
    <p class='ocr_par' dir='ltr' id='par_1_24' title="bbox 2439 963 4051 1035">
     <span class='ocr_line' id='line_1_24' title="bbox 2439 963 4051 1035; baseline 0.001 -18"><span class='ocrx_word' id='word_1_140' title='bbox 2439 964 2807 1034; x_wconf 78' lang='grc' dir='ltr'>προσεπᾴδειν</span> <span class='ocrx_word' id='word_1_141' title='bbox 2836 963 3278 1032; x_wconf 78' lang='grc' dir='ltr'>ὑμνολογήματα.</span> <span class='ocrx_word' id='word_1_142' title='bbox 3302 964 3602 1032; x_wconf 75' lang='grc' dir='ltr'>Προῦκειτο</span> <span class='ocrx_word' id='word_1_143' title='bbox 3625 967 3759 1030; x_wconf 77' lang='grc' dir='ltr'>γοῦν</span> <span class='ocrx_word' id='word_1_144' title='bbox 3782 968 3849 1017; x_wconf 77' lang='grc' dir='ltr'>ἐν</span> <span class='ocrx_word' id='word_1_145' title='bbox 3883 968 4051 1035; x_wconf 75' lang='grc' dir='ltr'>μέσῳ</span> 
     </span>
    </p>
   </div>
   <div class='ocr_carea' id='block_1_25' title="bbox 2435 1054 4047 1126">
    <p class='ocr_par' dir='ltr' id='par_1_25' title="bbox 2435 1054 4047 1126">
     <span class='ocr_line' id='line_1_25' title="bbox 2435 1054 4047 1126; baseline 0.002 -20"><span class='ocrx_word' id='word_1_146' title='bbox 2435 1071 2495 1106; x_wconf 81' lang='grc' dir='ltr'><strong>το</strong></span> <span class='ocrx_word' id='word_1_147' title='bbox 2512 1057 2749 1124; x_wconf 71' lang='grc' dir='ltr'>τρίπηχυ</span> <span class='ocrx_word' id='word_1_148' title='bbox 2780 1055 2874 1107; x_wconf 72' lang='grc' dir='ltr'>καὶ</span> <span class='ocrx_word' id='word_1_149' title='bbox 2897 1054 3182 1121; x_wconf 82' lang='grc' dir='ltr'>φωτοειδὲς</span> <span class='ocrx_word' id='word_1_150' title='bbox 3208 1056 3386 1106; x_wconf 78' lang='grc' dir='ltr'>ἐκεῖνο</span> <span class='ocrx_word' id='word_1_151' title='bbox 3411 1056 3510 1122; x_wconf 80' lang='grc' dir='ltr'>τῆς</span> <span class='ocrx_word' id='word_1_152' title='bbox 3539 1055 3811 1109; x_wconf 79' lang='grc' dir='ltr'>Θεοτόκου</span> <span class='ocrx_word' id='word_1_153' title='bbox 3846 1059 4047 1126; x_wconf 79' lang='grc' dir='ltr'>σῶμα,</span> 
     </span>
    </p>
   </div>
   <div class='ocr_carea' id='block_1_26' title="bbox 2435 1143 4049 1218">
    <p class='ocr_par' dir='ltr' id='par_1_26' title="bbox 2435 1143 4049 1218">
     <span class='ocr_line' id='line_1_26' title="bbox 2435 1143 4049 1218; baseline 0 -19"><span class='ocrx_word' id='word_1_154' title='bbox 2435 1148 2495 1198; x_wconf 83' lang='grc' dir='ltr'>τὸ</span> <span class='ocrx_word' id='word_1_155' title='bbox 2514 1145 2817 1215; x_wconf 72' lang='grc' dir='ltr'><strong>χωρητικὸν</strong></span> <span class='ocrx_word' id='word_1_156' title='bbox 2846 1146 2941 1213; x_wconf 85' lang='grc' dir='ltr'>τῆς</span> <span class='ocrx_word' id='word_1_157' title='bbox 2977 1144 3106 1213; x_wconf 78' lang='grc' dir='ltr'>ὅλης</span> <span class='ocrx_word' id='word_1_158' title='bbox 3136 1143 3231 1197; x_wconf 82' lang='grc' dir='ltr'>τοῦ</span> <span class='ocrx_word' id='word_1_159' title='bbox 3260 1145 3552 1213; x_wconf 75' lang='grc' dir='ltr'>θεαρχικοῦ</span> <span class='ocrx_word' id='word_1_160' title='bbox 3583 1148 3759 1211; x_wconf 80' lang='grc' dir='ltr'><strong>Λόγου</strong></span> <span class='ocrx_word' id='word_1_161' title='bbox 3803 1149 4049 1218; x_wconf 60' lang='grc' dir='ltr'>πληρώ-</span> 
     </span>
    </p>
   </div>
   <div class='ocr_carea' id='block_1_27' title="bbox 2426 1235 4049 1307">
    <p class='ocr_par' dir='ltr' id='par_1_27' title="bbox 2426 1235 4049 1307">
     <span class='ocr_line' id='line_1_27' title="bbox 2426 1235 4049 1307; baseline -0.001 -17"><span class='ocrx_word' id='word_1_162' title='bbox 2426 1237 2574 1300; x_wconf 82' lang='grc' dir='ltr'>σεως</span> <span class='ocrx_word' id='word_1_163' title='bbox 2599 1256 2612 1268; x_wconf 74' lang='grc' dir='ltr'><strong><em>ο</em></strong></span> <span class='ocrx_word' id='word_1_164' title='bbox 2644 1239 2780 1307; x_wconf 81' lang='grc' dir='ltr'>ὅπερ</span> <span class='ocrx_word' id='word_1_165' title='bbox 2808 1236 2900 1289; x_wconf 73' lang='grc' dir='ltr'><strong>ἐπὶ</strong></span> <span class='ocrx_word' id='word_1_166' title='bbox 2934 1236 3121 1304; x_wconf 72' lang='grc' dir='ltr'>κλίνης</span> <span class='ocrx_word' id='word_1_167' title='bbox 3146 1235 3444 1304; x_wconf 74' lang='grc' dir='ltr'>ὁρώμενον,</span> <span class='ocrx_word' id='word_1_168' title='bbox 3474 1238 3552 1307; x_wconf 83' lang='grc' dir='ltr'><strong>τῷ</strong></span> <span class='ocrx_word' id='word_1_169' title='bbox 3583 1240 3681 1307; x_wconf 76' lang='grc' dir='ltr'>τῆς</span> <span class='ocrx_word' id='word_1_170' title='bbox 3704 1240 4049 1304; x_wconf 77' lang='grc' dir='ltr'>ἁγιαστείας</span> 
     </span>
    </p>
   </div>
   <div class='ocr_carea' id='block_1_28' title="bbox 2439 1327 4042 1395">
    <p class='ocr_par' dir='ltr' id='par_1_28' title="bbox 2439 1327 4042 1395">
     <span class='ocr_line' id='line_1_28' title="bbox 2439 1327 4042 1395; baseline 0 -15"><span class='ocrx_word' id='word_1_171' title='bbox 2439 1328 2615 1395; x_wconf 84' lang='grc' dir='ltr'>μύρῳ,</span> <span class='ocrx_word' id='word_1_172' title='bbox 2648 1327 2745 1395; x_wconf 77' lang='grc' dir='ltr'>τὴν</span> <span class='ocrx_word' id='word_1_173' title='bbox 2810 1327 3107 1393; x_wconf 77' lang='grc' dir='ltr'><strong>σύμπασαν</strong></span> <span class='ocrx_word' id='word_1_174' title='bbox 3162 1328 3427 1380; x_wconf 79' lang='grc' dir='ltr'>εὐωδίασε</span> <span class='ocrx_word' id='word_1_175' title='bbox 3467 1330 3671 1383; x_wconf 76' lang='grc' dir='ltr'>κτίσιν.</span> <span class='ocrx_word' id='word_1_176' title='bbox 3723 1332 3827 1391; x_wconf 84' lang='grc' dir='ltr'>Τίς</span> <span class='ocrx_word' id='word_1_177' title='bbox 3886 1332 4042 1391; x_wconf 67' lang='grc' dir='ltr'>νοῦς,</span> 
     </span>
    </p>
   </div>
   <div class='ocr_carea' id='block_1_29' title="bbox 2438 1418 4047 1487">
    <p class='ocr_par' dir='ltr' id='par_1_29' title="bbox 2438 1418 4047 1487">
     <span class='ocr_line' id='line_1_29' title="bbox 2438 1418 4047 1487; baseline 0.002 -19"><span class='ocrx_word' id='word_1_178' title='bbox 2438 1418 2566 1469; x_wconf 82' lang='grc' dir='ltr'>ποία</span> <span class='ocrx_word' id='word_1_179' title='bbox 2626 1418 2682 1469; x_wconf 80' lang='grc' dir='ltr'><strong>δὲ</strong></span> <span class='ocrx_word' id='word_1_180' title='bbox 2747 1418 2970 1485; x_wconf 78' lang='grc' dir='ltr'>γλῶσσα</span> <span class='ocrx_word' id='word_1_181' title='bbox 3020 1418 3130 1469; x_wconf 85' lang='grc' dir='ltr'><strong>τῶν</strong></span> <span class='ocrx_word' id='word_1_182' title='bbox 3169 1420 3287 1470; x_wconf 84' lang='grc' dir='ltr'>ἐκεῖ</span> <span class='ocrx_word' id='word_1_183' title='bbox 3329 1419 3635 1473; x_wconf 82' lang='grc' dir='ltr'>θεαθέντων</span> <span class='ocrx_word' id='word_1_184' title='bbox 3658 1424 3788 1483; x_wconf 67' lang='grc' dir='ltr'>τοὺς</span> <span class='ocrx_word' id='word_1_185' title='bbox 3840 1423 4047 1487; x_wconf 72' lang='grc' dir='ltr'>λόγους</span> 
     </span>
    </p>
   </div>
   <div class='ocr_carea' id='block_1_30' title="bbox 2435 1507 4043 1580">
    <p class='ocr_par' dir='ltr' id='par_1_30' title="bbox 2435 1507 4043 1580">
     <span class='ocr_line' id='line_1_30' title="bbox 2435 1507 4043 1580; baseline 0.004 -21"><span class='ocrx_word' id='word_1_186' title='bbox 2435 1507 2798 1575; x_wconf 77' lang='grc' dir='ltr'>ἑξιχνιάσειε;</span> <span class='ocrx_word' id='word_1_187' title='bbox 2833 1508 3008 1560; x_wconf 67' lang='grc' dir='ltr'>πάντα</span> <span class='ocrx_word' id='word_1_188' title='bbox 3039 1512 3146 1577; x_wconf 74' lang='grc' dir='ltr'><strong>γὰρ</strong></span> <span class='ocrx_word' id='word_1_189' title='bbox 3170 1512 3442 1576; x_wconf 80' lang='grc' dir='ltr'>ἀγνωσίας</span> <span class='ocrx_word' id='word_1_190' title='bbox 3470 1513 3692 1580; x_wconf 74' lang='grc' dir='ltr'>ἁπάσης</span> <span class='ocrx_word' id='word_1_191' title='bbox 3734 1515 3837 1565; x_wconf 70' lang='grc' dir='ltr'><strong>καὶ</strong></span> <span class='ocrx_word' id='word_1_192' title='bbox 3871 1515 4043 1568; x_wconf 67' lang='lat' dir='ltr'><strong>a6}:-</strong></span> 
     </span>
    </p>
   </div>
   <div class='ocr_carea' id='block_1_31' title="bbox 2434 1597 4044 1673">
    <p class='ocr_par' dir='ltr' id='par_1_31' title="bbox 2434 1597 4044 1673">
     <span class='ocr_line' id='line_1_31' title="bbox 2434 1597 4044 1673; baseline 0.007 -26"><span class='ocrx_word' id='word_1_193' title='bbox 2434 1597 2565 1664; x_wconf 78' lang='grc' dir='ltr'>ψίας</span> <span class='ocrx_word' id='word_1_194' title='bbox 2621 1598 3007 1667; x_wconf 85' lang='grc' dir='ltr'>ὑπεραπείρως</span> <span class='ocrx_word' id='word_1_195' title='bbox 3071 1601 3321 1670; x_wconf 79' lang='grc' dir='ltr'>ἐξῄρητο.</span> <span class='ocrx_word' id='word_1_196' title='bbox 3374 1602 3567 1654; x_wconf 84' lang='grc' dir='ltr'>Ἔνθεν</span> <span class='ocrx_word' id='word_1_197' title='bbox 3626 1604 3737 1673; x_wconf 87' lang='grc' dir='ltr'><strong>ἀρα</strong></span> <span class='ocrx_word' id='word_1_198' title='bbox 3794 1608 3903 1658; x_wconf 72' lang='grc' dir='ltr'>καὶ</span> <span class='ocrx_word' id='word_1_199' title='bbox 3934 1608 4044 1658; x_wconf 70' lang='grc' dir='ltr'>τῶν</span> 
     </span>
    </p>
   </div>
   <div class='ocr_carea' id='block_1_32' title="bbox 2437 1692 4042 1770">
    <p class='ocr_par' dir='ltr' id='par_1_32' title="bbox 2437 1692 4042 1770">
     <span class='ocr_line' id='line_1_32' title="bbox 2437 1692 4042 1770; baseline 0.007 -27"><span class='ocrx_word' id='word_1_200' title='bbox 2437 1692 2716 1761; x_wconf 85' lang='grc' dir='ltr'>θεοσόφων</span> <span class='ocrx_word' id='word_1_201' title='bbox 2749 1696 2797 1746; x_wconf 83' lang='grc' dir='ltr'><strong>οί</strong></span> <span class='ocrx_word' id='word_1_202' title='bbox 2835 1694 3139 1764; x_wconf 81' lang='grc' dir='ltr'><strong>πρόκριτοι,</strong></span> <span class='ocrx_word' id='word_1_203' title='bbox 3164 1695 3237 1764; x_wconf 80' lang='grc' dir='ltr'><strong>τῷ</strong></span> <span class='ocrx_word' id='word_1_204' title='bbox 3277 1696 3405 1764; x_wconf 81' lang='grc' dir='ltr'>θείῳ</span> <span class='ocrx_word' id='word_1_205' title='bbox 3428 1698 3710 1766; x_wconf 88' lang='grc' dir='ltr'>Πνεύματι</span> <span class='ocrx_word' id='word_1_206' title='bbox 3741 1704 4042 1770; x_wconf 66' lang='grc' dir='ltr'>γενόμενος</span> 
     </span>
    </p>
   </div>
   <div class='ocr_carea' id='block_1_33' title="bbox 2436 1786 4040 1861">
    <p class='ocr_par' dir='ltr' id='par_1_33' title="bbox 2436 1786 4040 1861">
     <span class='ocr_line' id='line_1_33' title="bbox 2436 1786 4040 1861; baseline 0.007 -25"><span class='ocrx_word' id='word_1_207' title='bbox 2436 1786 2677 1854; x_wconf 82' lang='grc' dir='ltr'><strong>κάτοχοι,</strong></span> <span class='ocrx_word' id='word_1_208' title='bbox 2697 1787 2759 1838; x_wconf 86' lang='grc' dir='ltr'>ὲκ</span> <span class='ocrx_word' id='word_1_209' title='bbox 2778 1788 3140 1857; x_wconf 73' lang='grc' dir='ltr'>περιχαρείας</span> <span class='ocrx_word' id='word_1_210' title='bbox 3157 1790 3278 1840; x_wconf 64' lang='grc' dir='ltr'>τότε</span> <span class='ocrx_word' id='word_1_211' title='bbox 3296 1789 3395 1855; x_wconf 76' lang='grc' dir='ltr'>τῆς</span> <span class='ocrx_word' id='word_1_212' title='bbox 3420 1791 3752 1861; x_wconf 82' lang='grc' dir='ltr'>θεοτερποῦς</span> <span class='ocrx_word' id='word_1_213' title='bbox 3769 1794 4040 1860; x_wconf 73' lang='grc' dir='ltr'>ἀγλαΐας,</span> 
     </span>
    </p>
   </div>
   <div class='ocr_carea' id='block_1_34' title="bbox 752 1843 2333 1954">
    <p class='ocr_par' dir='ltr' id='par_1_34' title="bbox 752 1861 2331 1930">
     <span class='ocr_line' id='line_1_34' title="bbox 752 1861 2331 1930; baseline 0.004 -21"><span class='ocrx_word' id='word_1_214' title='bbox 752 1872 875 1909; x_wconf 91' lang='lat' dir='ltr'><strong>sum</strong></span> <span class='ocrx_word' id='word_1_215' title='bbox 911 1861 1268 1927; x_wconf 86' lang='lat' dir='ltr'><strong>superabant.</strong></span> <span class='ocrx_word' id='word_1_216' title='bbox 1302 1862 1483 1924; x_wconf 80' lang='lat' dir='ltr'><strong>Quare</strong></span> <span class='ocrx_word' id='word_1_217' title='bbox 1512 1861 1679 1914; x_wconf 85' lang='lat' dir='ltr'><strong>etiam</strong></span> <span class='ocrx_word' id='word_1_218' title='bbox 1720 1863 1813 1930; x_wconf 90' lang='lat' dir='ltr'><strong>qui</strong></span> <span class='ocrx_word' id='word_1_219' title='bbox 1863 1865 2005 1917; x_wconf 91' lang='lat' dir='ltr'><strong>inter</strong></span> <span class='ocrx_word' id='word_1_220' title='bbox 2038 1862 2147 1915; x_wconf 91' lang='lat' dir='ltr'><strong>Deo</strong></span> <span class='ocrx_word' id='word_1_221' title='bbox 2182 1863 2331 1916; x_wconf 82' lang='lat' dir='ltr'><strong>ama-</strong></span> 
     </span>
    </p>
   </div>
   <div class='ocr_carea' id='block_1_35' title="bbox 2437 1843 4038 1954">
    <p class='ocr_par' dir='ltr' id='par_1_35' title="bbox 2437 1843 4038 1954">
     <span class='ocr_line' id='line_1_35' title="bbox 2437 1843 4038 1954; baseline 0.006 -26"><span class='ocrx_word' id='word_1_222' title='bbox 2437 1878 2496 1929; x_wconf 82' lang='grc' dir='ltr'>τὸ</span> <span class='ocrx_word' id='word_1_223' title='bbox 2524 1843 2713 1947; x_wconf 34' lang='grc' dir='ltr'>πεδριον</span> <span class='ocrx_word' id='word_1_224' title='bbox 2736 1878 2835 1945; x_wconf 75' lang='grc' dir='ltr'>τῆς</span> <span class='ocrx_word' id='word_1_225' title='bbox 2854 1843 3182 1947; x_wconf 35' lang='grc' dir='ltr'>,ὲλνλάιμψεως</span> <span class='ocrx_word' id='word_1_226' title='bbox 3217 1882 3296 1941; x_wconf 88' lang='grc' dir='ltr'><strong>είς</strong></span> <span class='ocrx_word' id='word_1_227' title='bbox 3334 1843 3591 1933; x_wconf 53' lang='grc' dir='ltr'>ἔκστασιν</span> <span class='ocrx_word' id='word_1_228' title='bbox 3634 1843 4038 1954; x_wconf 50' lang='grc' dir='ltr'>μεταθέμενοι,</span> 
     </span>
    </p>
   </div>
   <div class='ocr_carea' id='block_1_36' title="bbox 752 1950 2332 2022">
    <p class='ocr_par' dir='ltr' id='par_1_36' title="bbox 752 1950 2332 2022">
     <span class='ocr_line' id='line_1_36' title="bbox 752 1950 2332 2022; baseline 0.004 -21"><span class='ocrx_word' id='word_1_229' title='bbox 752 1959 840 2002; x_wconf 91' lang='lat' dir='ltr'><strong>tos</strong></span> <span class='ocrx_word' id='word_1_230' title='bbox 875 1950 999 2004; x_wconf 86' lang='lat' dir='ltr'><strong>illos</strong></span> <span class='ocrx_word' id='word_1_231' title='bbox 1044 1951 1231 2005; x_wconf 82' lang='lat' dir='ltr'><strong>eximii</strong></span> <span class='ocrx_word' id='word_1_232' title='bbox 1280 1961 1464 2011; x_wconf 88' lang='lat' dir='ltr'><strong>erant.</strong></span> <span class='ocrx_word' id='word_1_233' title='bbox 1527 1952 1713 2006; x_wconf 89' lang='lat' dir='ltr'><strong>divino</strong></span> <span class='ocrx_word' id='word_1_234' title='bbox 1761 1954 1954 2022; x_wconf 86' lang='lat' dir='ltr'><strong>perciti</strong></span> <span class='ocrx_word' id='word_1_235' title='bbox 1990 1952 2223 2020; x_wconf 89' lang='lat' dir='ltr'><strong>Spiritu,</strong></span> <span class='ocrx_word' id='word_1_236' title='bbox 2264 1969 2332 2008; x_wconf 80' lang='lat' dir='ltr'><strong>ex</strong></span> 
     </span>
    </p>
   </div>
   <div class='ocr_carea' id='block_1_37' title="bbox 748 2043 2328 2114">
    <p class='ocr_par' dir='ltr' id='par_1_37' title="bbox 748 2043 2328 2114">
     <span class='ocr_line' id='line_1_37' title="bbox 748 2043 2328 2114; baseline 0.001 -20"><span class='ocrx_word' id='word_1_237' title='bbox 748 2043 1120 2109; x_wconf 73' lang='lat' dir='ltr'><strong>jucunditatis</strong></span> <span class='ocrx_word' id='word_1_238' title='bbox 1171 2058 1201 2095; x_wconf 87' lang='lat' dir='ltr'><strong>a</strong></span> <span class='ocrx_word' id='word_1_239' title='bbox 1236 2044 1347 2096; x_wconf 87' lang='lat' dir='ltr'><strong>Deo</strong></span> <span class='ocrx_word' id='word_1_240' title='bbox 1396 2043 1617 2109; x_wconf 59' lang='lat' dir='ltr'><strong>injecta:</strong></span> <span class='ocrx_word' id='word_1_241' title='bbox 1658 2044 2049 2097; x_wconf 81' lang='lat' dir='ltr'><strong>abundantiori</strong></span> <span class='ocrx_word' id='word_1_242' title='bbox 2105 2045 2328 2114; x_wconf 88' lang='lat' dir='ltr'><strong>gaudio,</strong></span> 
     </span>
    </p>
   </div>
   <div class='ocr_carea' id='block_1_38' title="bbox 754 2134 2328 2200">
    <p class='ocr_par' dir='ltr' id='par_1_38' title="bbox 754 2134 2328 2200">
     <span class='ocr_line' id='line_1_38' title="bbox 754 2134 2328 2200; baseline 0.003 -15"><span class='ocrx_word' id='word_1_243' title='bbox 754 2134 1142 2189; x_wconf 82' lang='lat' dir='ltr'><strong>illustrationis</strong></span> <span class='ocrx_word' id='word_1_244' title='bbox 1196 2150 1486 2188; x_wconf 78' lang='lat' dir='ltr'><strong>excessum</strong></span> <span class='ocrx_word' id='word_1_245' title='bbox 1555 2136 1608 2188; x_wconf 93' lang='lat' dir='ltr'><strong>in</strong></span> <span class='ocrx_word' id='word_1_246' title='bbox 1680 2137 1948 2188; x_wconf 78' lang='lat' dir='ltr'><strong>exstasim</strong></span> <span class='ocrx_word' id='word_1_247' title='bbox 2025 2144 2328 2200; x_wconf 78' lang='lat' dir='ltr'><strong>vertentes,</strong></span> 
     </span>
    </p>
   </div>
   <div class='ocr_carea' id='block_1_39' title="bbox 752 2225 2328 2296">
    <p class='ocr_par' dir='ltr' id='par_1_39' title="bbox 752 2225 2328 2296">
     <span class='ocr_line' id='line_1_39' title="bbox 752 2225 2328 2296; baseline 0.001 -19"><span class='ocrx_word' id='word_1_248' title='bbox 752 2227 969 2277; x_wconf 87' lang='lat' dir='ltr'><strong>cantica</strong></span> <span class='ocrx_word' id='word_1_249' title='bbox 1022 2227 1111 2279; x_wconf 92' lang='lat' dir='ltr'><strong>illa</strong></span> <span class='ocrx_word' id='word_1_250' title='bbox 1171 2226 1321 2279; x_wconf 86' lang='lat' dir='ltr'><strong>velut</strong></span> <span class='ocrx_word' id='word_1_251' title='bbox 1382 2225 1663 2287; x_wconf 85' lang='lat' dir='ltr'><strong>fanatica.</strong></span> <span class='ocrx_word' id='word_1_252' title='bbox 1715 2226 2029 2291; x_wconf 80' lang='lat' dir='ltr'><strong>funebrem,</strong></span> <span class='ocrx_word' id='word_1_253' title='bbox 2080 2230 2328 2296; x_wconf 88' lang='lat' dir='ltr'><strong>inquam,</strong></span> 
     </span>
    </p>
   </div>
   <div class='ocr_carea' id='block_1_40' title="bbox 753 2317 2331 2386">
    <p class='ocr_par' dir='ltr' id='par_1_40' title="bbox 753 2317 2331 2386">
     <span class='ocr_line' id='line_1_40' title="bbox 753 2317 2331 2386; baseline 0.002 -16"><span class='ocrx_word' id='word_1_254' title='bbox 753 2318 1141 2386; x_wconf 82' lang='lat' dir='ltr'><strong>tropologiam,</strong></span> <span class='ocrx_word' id='word_1_255' title='bbox 1186 2325 1242 2370; x_wconf 92' lang='lat' dir='ltr'><strong>ut</strong></span> <span class='ocrx_word' id='word_1_256' title='bbox 1271 2317 1509 2386; x_wconf 87' lang='lat' dir='ltr'><strong>quisque</strong></span> <span class='ocrx_word' id='word_1_257' title='bbox 1557 2326 1793 2386; x_wconf 83' lang='lat' dir='ltr'><strong>poterat,</strong></span> <span class='ocrx_word' id='word_1_258' title='bbox 1826 2319 1939 2372; x_wconf 86' lang='lat' dir='ltr'><strong>alio</strong></span> <span class='ocrx_word' id='word_1_259' title='bbox 1986 2319 2152 2371; x_wconf 89' lang='lat' dir='ltr'><strong>alium</strong></span> <span class='ocrx_word' id='word_1_260' title='bbox 2180 2319 2331 2373; x_wconf 76' lang='lat' dir='ltr'><strong>exci-</strong></span> 
     </span>
    </p>
   </div>
   <div class='ocr_carea' id='block_1_41' title="bbox 752 2410 2332 2479">
    <p class='ocr_par' dir='ltr' id='par_1_41' title="bbox 752 2410 2332 2479">
     <span class='ocr_line' id='line_1_41' title="bbox 752 2410 2332 2479; baseline 0.001 -17"><span class='ocrx_word' id='word_1_261' title='bbox 752 2411 955 2478; x_wconf 84' lang='lat' dir='ltr'><strong>piente,</strong></span> <span class='ocrx_word' id='word_1_262' title='bbox 1000 2422 1285 2476; x_wconf 84' lang='lat' dir='ltr'><strong>coeperunt</strong></span> <span class='ocrx_word' id='word_1_263' title='bbox 1320 2411 1674 2478; x_wconf 87' lang='lat' dir='ltr'><strong>depromere.</strong></span> <span class='ocrx_word' id='word_1_264' title='bbox 1734 2410 1907 2464; x_wconf 85' lang='lat' dir='ltr'><strong>Erant</strong></span> <span class='ocrx_word' id='word_1_265' title='bbox 1965 2425 2132 2479; x_wconf 90' lang='lat' dir='ltr'><strong>porro</strong></span> <span class='ocrx_word' id='word_1_266' title='bbox 2185 2412 2332 2479; x_wconf 78' lang='lat' dir='ltr'><strong>ejus-</strong></span> 
     </span>
    </p>
   </div>
   <div class='ocr_carea' id='block_1_42' title="bbox 753 2502 2330 2574">
    <p class='ocr_par' dir='ltr' id='par_1_42' title="bbox 753 2502 2330 2574">
     <span class='ocr_line' id='line_1_42' title="bbox 753 2502 2330 2574; baseline 0.001 -18"><span class='ocrx_word' id='word_1_267' title='bbox 753 2502 899 2556; x_wconf 91' lang='lat' dir='ltr'><strong>modi</strong></span> <span class='ocrx_word' id='word_1_268' title='bbox 969 2504 1212 2565; x_wconf 86' lang='lat' dir='ltr'><strong>cautica,</strong></span> <span class='ocrx_word' id='word_1_269' title='bbox 1240 2519 1349 2557; x_wconf 74' lang='lat' dir='ltr'><strong>non</strong></span> <span class='ocrx_word' id='word_1_270' title='bbox 1380 2504 1561 2571; x_wconf 86' lang='lat' dir='ltr'><strong>qualia</strong></span> <span class='ocrx_word' id='word_1_271' title='bbox 1592 2504 1695 2572; x_wconf 90' lang='lat' dir='ltr'><strong>ipsi</strong></span> <span class='ocrx_word' id='word_1_272' title='bbox 1729 2519 2030 2572; x_wconf 89' lang='lat' dir='ltr'><strong>possumus</strong></span> <span class='ocrx_word' id='word_1_273' title='bbox 2058 2504 2330 2574; x_wconf 84' lang='lat' dir='ltr'><strong>cogitare,</strong></span> 
     </span>
    </p>
   </div>
   <div class='ocr_carea' id='block_1_43' title="bbox 752 2592 2331 2665">
    <p class='ocr_par' dir='ltr' id='par_1_43' title="bbox 752 2592 2331 2665">
     <span class='ocr_line' id='line_1_43' title="bbox 752 2592 2331 2665; baseline 0.003 -21"><span class='ocrx_word' id='word_1_274' title='bbox 752 2592 835 2645; x_wconf 85' lang='lat' dir='ltr'><strong>vel</strong></span> <span class='ocrx_word' id='word_1_275' title='bbox 868 2593 1053 2660; x_wconf 89' lang='lat' dir='ltr'><strong>qualia</strong></span> <span class='ocrx_word' id='word_1_276' title='bbox 1116 2592 1255 2646; x_wconf 82' lang='lat' dir='ltr'><strong>forte</strong></span> <span class='ocrx_word' id='word_1_277' title='bbox 1306 2593 1670 2662; x_wconf 80' lang='lat' dir='ltr'><strong>descripserit</strong></span> <span class='ocrx_word' id='word_1_278' title='bbox 1709 2593 1949 2663; x_wconf 86' lang='lat' dir='ltr'><strong>aliquis:</strong></span> <span class='ocrx_word' id='word_1_279' title='bbox 2010 2594 2105 2649; x_wconf 89' lang='lat' dir='ltr'><strong>sed</strong></span> <span class='ocrx_word' id='word_1_280' title='bbox 2148 2596 2331 2665; x_wconf 84' lang='lat' dir='ltr'><strong>qualia</strong></span> 
     </span>
    </p>
   </div>
   <div class='ocr_carea' id='block_1_44' title="bbox 755 2682 2331 2756">
    <p class='ocr_par' dir='ltr' id='par_1_44' title="bbox 755 2682 2331 2756">
     <span class='ocr_line' id='line_1_44' title="bbox 755 2682 2331 2756; baseline 0.004 -21"><span class='ocrx_word' id='word_1_281' title='bbox 755 2684 1001 2752; x_wconf 86' lang='lat' dir='ltr'><strong>Spiritus</strong></span> <span class='ocrx_word' id='word_1_282' title='bbox 1034 2682 1372 2738; x_wconf 89' lang='lat' dir='ltr'><strong>informabat</strong></span> <span class='ocrx_word' id='word_1_283' title='bbox 1417 2685 1677 2745; x_wconf 87' lang='lat' dir='ltr'><strong>dicenda,</strong></span> <span class='ocrx_word' id='word_1_284' title='bbox 1709 2692 1764 2738; x_wconf 87' lang='lat' dir='ltr'><strong>et</strong></span> <span class='ocrx_word' id='word_1_285' title='bbox 1812 2686 2007 2739; x_wconf 90' lang='lat' dir='ltr'><strong>audire</strong></span> <span class='ocrx_word' id='word_1_286' title='bbox 2047 2688 2331 2756; x_wconf 90' lang='lat' dir='ltr'><strong>permitte-</strong></span> 
     </span>
    </p>
   </div>
   <div class='ocr_carea' id='block_1_45' title="bbox 752 2770 2332 2839">
    <p class='ocr_par' dir='ltr' id='par_1_45' title="bbox 752 2770 2332 2839">
     <span class='ocr_line' id='line_1_45' title="bbox 752 2770 2332 2839; baseline 0.003 -13"><span class='ocrx_word' id='word_1_287' title='bbox 752 2774 864 2826; x_wconf 90' lang='lat' dir='ltr'><strong>bat.</strong></span> <span class='ocrx_word' id='word_1_288' title='bbox 908 2770 1067 2839; x_wconf 86' lang='lat' dir='ltr'><strong>Quod</strong></span> <span class='ocrx_word' id='word_1_289' title='bbox 1110 2775 1413 2839; x_wconf 83' lang='lat' dir='ltr'><strong>canticum,</strong></span> <span class='ocrx_word' id='word_1_290' title='bbox 1448 2782 1504 2828; x_wconf 89' lang='lat' dir='ltr'><strong>et</strong></span> <span class='ocrx_word' id='word_1_291' title='bbox 1532 2774 1755 2828; x_wconf 90' lang='lat' dir='ltr'><strong>cantico</strong></span> <span class='ocrx_word' id='word_1_292' title='bbox 1815 2776 2117 2835; x_wconf 89' lang='lat' dir='ltr'><strong>celebrata.</strong></span> <span class='ocrx_word' id='word_1_293' title='bbox 2155 2784 2209 2829; x_wconf 90' lang='lat' dir='ltr'><strong>ct</strong></span> <span class='ocrx_word' id='word_1_294' title='bbox 2251 2778 2332 2830; x_wconf 88' lang='lat' dir='ltr'><strong>di-</strong></span> 
     </span>
    </p>
   </div>
   <div class='ocr_carea' id='block_1_46' title="bbox 749 2850 2330 2933">
    <p class='ocr_par' dir='ltr' id='par_1_46' title="bbox 749 2850 2330 2933">
     <span class='ocr_line' id='line_1_46' title="bbox 749 2850 2330 2933; baseline 0.003 -15"><span class='ocrx_word' id='word_1_295' title='bbox 749 2850 952 2918; x_wconf 82' lang='lat' dir='ltr'><strong>cebant</strong></span> <span class='ocrx_word' id='word_1_296' title='bbox 979 2873 1033 2919; x_wconf 91' lang='lat' dir='ltr'><strong>et</strong></span> <span class='ocrx_word' id='word_1_297' title='bbox 1061 2866 1365 2919; x_wconf 81' lang='lat' dir='ltr'><strong>audiebant</strong></span> <span class='ocrx_word' id='word_1_298' title='bbox 1404 2866 1626 2920; x_wconf 90' lang='lat' dir='ltr'><strong>cantico</strong></span> <span class='ocrx_word' id='word_1_299' title='bbox 1669 2867 2044 2933; x_wconf 87' lang='lat' dir='ltr'><strong>celebrantes,</strong></span> <span class='ocrx_word' id='word_1_300' title='bbox 2080 2878 2330 2923; x_wconf 90' lang='lat' dir='ltr'><strong>nostram</strong></span> 
     </span>
    </p>
   </div>
   <div class='ocr_carea' id='block_1_47' title="bbox 750 2954 2332 3028">
    <p class='ocr_par' dir='ltr' id='par_1_47' title="bbox 750 2954 2332 3028">
     <span class='ocr_line' id='line_1_47' title="bbox 750 2954 2332 3028; baseline 0.002 -20"><span class='ocrx_word' id='word_1_301' title='bbox 750 2969 971 3009; x_wconf 87' lang='lat' dir='ltr'><strong>omnem</strong></span> <span class='ocrx_word' id='word_1_302' title='bbox 1026 2961 1080 3008; x_wconf 89' lang='lat' dir='ltr'><strong>ct</strong></span> <span class='ocrx_word' id='word_1_303' title='bbox 1128 2964 1400 3009; x_wconf 88' lang='lat' dir='ltr'><strong>terrenam</strong></span> <span class='ocrx_word' id='word_1_304' title='bbox 1468 2954 1906 3009; x_wconf 89' lang='lat' dir='ltr'><strong>concinnitatem</strong></span> <span class='ocrx_word' id='word_1_305' title='bbox 1963 2966 2019 3012; x_wconf 89' lang='lat' dir='ltr'><strong>et</strong></span> <span class='ocrx_word' id='word_1_306' title='bbox 2070 2959 2332 3028; x_wconf 83' lang='lat' dir='ltr'><strong>sympho-</strong></span> 
     </span>
    </p>
   </div>
   <div class='ocr_carea' id='block_1_48' title="bbox 751 3045 2333 3116">
    <p class='ocr_par' dir='ltr' id='par_1_48' title="bbox 751 3045 2333 3116">
     <span class='ocr_line' id='line_1_48' title="bbox 751 3045 2333 3116; baseline 0.002 -16"><span class='ocrx_word' id='word_1_307' title='bbox 751 3047 941 3111; x_wconf 82' lang='lat' dir='ltr'><strong>niam,</strong></span> <span class='ocrx_word' id='word_1_308' title='bbox 1007 3046 1335 3101; x_wconf 91' lang='lat' dir='ltr'><strong>immensum</strong></span> <span class='ocrx_word' id='word_1_309' title='bbox 1391 3045 1768 3111; x_wconf 80' lang='lat' dir='ltr'><strong>excedebant;</strong></span> <span class='ocrx_word' id='word_1_310' title='bbox 1818 3060 2011 3116; x_wconf 88' lang='lat' dir='ltr'><strong>parum</strong></span> <span class='ocrx_word' id='word_1_311' title='bbox 2052 3066 2179 3104; x_wconf 87' lang='lat' dir='ltr'><strong>vero</strong></span> <span class='ocrx_word' id='word_1_312' title='bbox 2238 3058 2333 3103; x_wconf 89' lang='lat' dir='ltr'><strong>aut</strong></span> 
     </span>
    </p>
   </div>
   <div class='ocr_carea' id='block_1_49' title="bbox 752 3138 2331 3210">
    <p class='ocr_par' dir='ltr' id='par_1_49' title="bbox 752 3138 2331 3210">
     <span class='ocr_line' id='line_1_49' title="bbox 752 3138 2331 3210; baseline 0.003 -17"><span class='ocrx_word' id='word_1_313' title='bbox 752 3138 888 3193; x_wconf 87' lang='lat' dir='ltr'><strong>nihil</strong></span> <span class='ocrx_word' id='word_1_314' title='bbox 923 3153 953 3191; x_wconf 90' lang='lat' dir='ltr'><strong>a</strong></span> <span class='ocrx_word' id='word_1_315' title='bbox 983 3153 1121 3192; x_wconf 91' lang='lat' dir='ltr'><strong>sono</strong></span> <span class='ocrx_word' id='word_1_316' title='bbox 1160 3139 1500 3208; x_wconf 87' lang='lat' dir='ltr'><strong>epulantium</strong></span> <span class='ocrx_word' id='word_1_317' title='bbox 1546 3139 1602 3192; x_wconf 93' lang='lat' dir='ltr'><strong>in</strong></span> <span class='ocrx_word' id='word_1_318' title='bbox 1631 3141 1788 3196; x_wconf 75' lang='lat' dir='ltr'><strong>ccelis</strong></span> <span class='ocrx_word' id='word_1_319' title='bbox 1824 3142 2147 3210; x_wconf 77' lang='lat' dir='ltr'><strong>angelorum</strong></span> <span class='ocrx_word' id='word_1_320' title='bbox 2230 3144 2331 3197; x_wconf 89' lang='lat' dir='ltr'><strong>ab-</strong></span> 
     </span>
    </p>
   </div>
   <div class='ocr_carea' id='block_1_50' title="bbox 749 3228 2329 3301">
    <p class='ocr_par' dir='ltr' id='par_1_50' title="bbox 749 3228 2329 3301">
     <span class='ocr_line' id='line_1_50' title="bbox 749 3228 2329 3301; baseline 0.003 -19"><span class='ocrx_word' id='word_1_321' title='bbox 749 3237 960 3283; x_wconf 80' lang='lat' dir='ltr'><strong>erant:</strong></span> <span class='ocrx_word' id='word_1_322' title='bbox 1021 3244 1258 3298; x_wconf 90' lang='lat' dir='ltr'><strong>quorum</strong></span> <span class='ocrx_word' id='word_1_323' title='bbox 1332 3228 1731 3284; x_wconf 90' lang='lat' dir='ltr'><strong>sublimitatem</strong></span> <span class='ocrx_word' id='word_1_324' title='bbox 1765 3239 1819 3284; x_wconf 84' lang='lat' dir='ltr'><strong>et</strong></span> <span class='ocrx_word' id='word_1_325' title='bbox 1873 3231 2329 3301; x_wconf 80' lang='lat' dir='ltr'><strong>profunditatem.</strong></span> 
     </span>
    </p>
   </div>
   <div class='ocr_carea' id='block_1_51' title="bbox 751 3318 2331 3389">
    <p class='ocr_par' dir='ltr' id='par_1_51' title="bbox 751 3318 2331 3389">
     <span class='ocr_line' id='line_1_51' title="bbox 751 3318 2331 3389; baseline 0.004 -17"><span class='ocrx_word' id='word_1_326' title='bbox 751 3318 1195 3389; x_wconf 85' lang='lat' dir='ltr'><strong>immensumque</strong></span> <span class='ocrx_word' id='word_1_327' title='bbox 1234 3319 1519 3383; x_wconf 87' lang='lat' dir='ltr'><strong>decorem,</strong></span> <span class='ocrx_word' id='word_1_328' title='bbox 1552 3321 1699 3376; x_wconf 85' lang='lat' dir='ltr'><strong>haud</strong></span> <span class='ocrx_word' id='word_1_329' title='bbox 1723 3332 1980 3377; x_wconf 90' lang='lat' dir='ltr'><strong>nostrum</strong></span> <span class='ocrx_word' id='word_1_330' title='bbox 2018 3324 2182 3378; x_wconf 89' lang='lat' dir='ltr'><strong>fuerit</strong></span> <span class='ocrx_word' id='word_1_331' title='bbox 2213 3328 2331 3378; x_wconf 71' lang='lat' dir='ltr'><strong>vel-</strong></span> 
     </span>
    </p>
   </div>
   <div class='ocr_carea' id='block_1_52' title="bbox 752 3412 2335 3486">
    <p class='ocr_par' dir='ltr' id='par_1_52' title="bbox 752 3412 2335 3486">
     <span class='ocr_line' id='line_1_52' title="bbox 752 3412 2335 3486; baseline 0.004 -21"><span class='ocrx_word' id='word_1_332' title='bbox 752 3419 811 3465; x_wconf 92' lang='lat' dir='ltr'><strong>ut</strong></span> <span class='ocrx_word' id='word_1_333' title='bbox 857 3412 1035 3466; x_wconf 87' lang='lat' dir='ltr'><strong>levius</strong></span> <span class='ocrx_word' id='word_1_334' title='bbox 1064 3413 1367 3480; x_wconf 83' lang='lat' dir='ltr'><strong>explicare,</strong></span> <span class='ocrx_word' id='word_1_335' title='bbox 1397 3414 1491 3482; x_wconf 87' lang='lat' dir='ltr'><strong>qui</strong></span> <span class='ocrx_word' id='word_1_336' title='bbox 1520 3430 1586 3468; x_wconf 91' lang='lat' dir='ltr'><strong>ne</strong></span> <span class='ocrx_word' id='word_1_337' title='bbox 1616 3415 1904 3469; x_wconf 83' lang='lat' dir='ltr'><strong>niluimum</strong></span> <span class='ocrx_word' id='word_1_338' title='bbox 1940 3418 2162 3486; x_wconf 83' lang='lat' dir='ltr'><strong>quidem</strong></span> <span class='ocrx_word' id='word_1_339' title='bbox 2190 3417 2335 3486; x_wconf 87' lang='lat' dir='ltr'><strong>ejus-</strong></span> 
     </span>
    </p>
   </div>
   <div class='ocr_carea' id='block_1_53' title="bbox 751 3504 2334 3579">
    <p class='ocr_par' dir='ltr' id='par_1_53' title="bbox 751 3504 2334 3579">
     <span class='ocr_line' id='line_1_53' title="bbox 751 3504 2334 3579; baseline 0.005 -22"><span class='ocrx_word' id='word_1_340' title='bbox 751 3504 901 3559; x_wconf 88' lang='lat' dir='ltr'><strong>modi</strong></span> <span class='ocrx_word' id='word_1_341' title='bbox 935 3506 1254 3559; x_wconf 88' lang='lat' dir='ltr'><strong>dulcedinis</strong></span> <span class='ocrx_word' id='word_1_342' title='bbox 1290 3515 1512 3575; x_wconf 82' lang='lat' dir='ltr'><strong>gustum</strong></span> <span class='ocrx_word' id='word_1_343' title='bbox 1548 3509 1903 3577; x_wconf 90' lang='lat' dir='ltr'><strong>percepimus</strong></span> <span class='ocrx_word' id='word_1_344' title='bbox 1932 3525 1945 3562; x_wconf 89' lang='lat'><strong>:</strong></span> <span class='ocrx_word' id='word_1_345' title='bbox 1980 3511 2167 3579; x_wconf 91' lang='lat' dir='ltr'><strong>potius</strong></span> <span class='ocrx_word' id='word_1_346' title='bbox 2203 3526 2334 3565; x_wconf 88' lang='lat' dir='ltr'><strong>vero</strong></span> 
     </span>
    </p>
   </div>
   <div class='ocr_carea' id='block_1_54' title="bbox 749 3596 2334 3671">
    <p class='ocr_par' dir='ltr' id='par_1_54' title="bbox 749 3596 2334 3671">
     <span class='ocr_line' id='line_1_54' title="bbox 749 3596 2334 3671; baseline 0.004 -21"><span class='ocrx_word' id='word_1_347' title='bbox 749 3596 1129 3660; x_wconf 83' lang='lat' dir='ltr'><strong>debuerimns,</strong></span> <span class='ocrx_word' id='word_1_348' title='bbox 1164 3607 1425 3667; x_wconf 89' lang='lat' dir='ltr'><strong>tanquam</strong></span> <span class='ocrx_word' id='word_1_349' title='bbox 1481 3600 1981 3668; x_wconf 89' lang='lat' dir='ltr'><strong>comprehensione</strong></span> <span class='ocrx_word' id='word_1_350' title='bbox 2036 3602 2247 3671; x_wconf 83' lang='lat' dir='ltr'><strong>majora</strong></span> <span class='ocrx_word' id='word_1_351' title='bbox 2281 3612 2334 3657; x_wconf 88' lang='lat' dir='ltr'><strong>et</strong></span> 
     </span>
    </p>
   </div>
   <div class='ocr_carea' id='block_1_55' title="bbox 749 3690 2332 3759">
    <p class='ocr_par' dir='ltr' id='par_1_55' title="bbox 749 3690 2332 3759">
     <span class='ocr_line' id='line_1_55' title="bbox 749 3690 2332 3759; baseline 0.003 -16"><span class='ocrx_word' id='word_1_352' title='bbox 749 3705 872 3759; x_wconf 67' lang='lat' dir='ltr'><strong>qua:</strong></span> <span class='ocrx_word' id='word_1_353' title='bbox 905 3690 1119 3758; x_wconf 87' lang='lat' dir='ltr'><strong>vulgari</strong></span> <span class='ocrx_word' id='word_1_354' title='bbox 1171 3697 1477 3758; x_wconf 87' lang='lat' dir='ltr'><strong>nequeant,</strong></span> <span class='ocrx_word' id='word_1_355' title='bbox 1511 3690 1739 3744; x_wconf 88' lang='lat' dir='ltr'><strong>silentio</strong></span> <span class='ocrx_word' id='word_1_356' title='bbox 1763 3691 2061 3747; x_wconf 80' lang='lat' dir='ltr'><strong>honorare.</strong></span> <span class='ocrx_word' id='word_1_357' title='bbox 2092 3692 2332 3748; x_wconf 79' lang='lat' dir='ltr'><strong>Tantum</strong></span> 
     </span>
    </p>
   </div>
   <div class='ocr_carea' id='block_1_56' title="bbox 749 3781 2337 3863">
    <p class='ocr_par' dir='ltr' id='par_1_56' title="bbox 749 3781 2337 3863">
     <span class='ocr_line' id='line_1_56' title="bbox 749 3781 2337 3863; baseline 0.004 -28"><span class='ocrx_word' id='word_1_358' title='bbox 749 3793 935 3837; x_wconf 83' lang='lat' dir='ltr'><strong>autem</strong></span> <span class='ocrx_word' id='word_1_359' title='bbox 962 3783 1029 3837; x_wconf 92' lang='lat' dir='ltr'><strong>iis</strong></span> <span class='ocrx_word' id='word_1_360' title='bbox 1061 3790 1181 3836; x_wconf 92' lang='lat' dir='ltr'><strong>tuto</strong></span> <span class='ocrx_word' id='word_1_361' title='bbox 1216 3781 1593 3851; x_wconf 79' lang='lat' dir='ltr'><strong>adjecerimus</strong></span> <span class='ocrx_word' id='word_1_362' title='bbox 1626 3784 1875 3837; x_wconf 89' lang='lat' dir='ltr'><strong>animum</strong></span> <span class='ocrx_word' id='word_1_363' title='bbox 1918 3798 1981 3863; x_wconf 87' lang='lat' dir='ltr'><strong>ac</strong></span> <span class='ocrx_word' id='word_1_364' title='bbox 2008 3787 2337 3841; x_wconf 84' lang='lat' dir='ltr'><strong>conabimur</strong></span> 
     </span>
    </p>
   </div>
   <div class='ocr_carea' id='block_1_57' title="bbox 749 3875 2334 3947">
    <p class='ocr_par' dir='ltr' id='par_1_57' title="bbox 749 3875 2334 3947">
     <span class='ocr_line' id='line_1_57' title="bbox 749 3875 2334 3947; baseline 0.002 -17"><span class='ocrx_word' id='word_1_365' title='bbox 749 3875 1053 3938; x_wconf 88' lang='lat' dir='ltr'><strong>declarare,</strong></span> <span class='ocrx_word' id='word_1_366' title='bbox 1114 3876 1169 3928; x_wconf 91' lang='lat' dir='ltr'><strong>in</strong></span> <span class='ocrx_word' id='word_1_367' title='bbox 1218 3876 1422 3944; x_wconf 82' lang='lat' dir='ltr'><strong>quibus</strong></span> <span class='ocrx_word' id='word_1_368' title='bbox 1465 3884 1519 3929; x_wconf 88' lang='lat' dir='ltr'><strong>et</strong></span> <span class='ocrx_word' id='word_1_369' title='bbox 1577 3892 1693 3930; x_wconf 89' lang='lat' dir='ltr'><strong>rem</strong></span> <span class='ocrx_word' id='word_1_370' title='bbox 1756 3877 1977 3947; x_wconf 86' lang='lat' dir='ltr'><strong>assequi</strong></span> <span class='ocrx_word' id='word_1_371' title='bbox 2026 3877 2334 3946; x_wconf 90' lang='lat' dir='ltr'><strong>jucundum</strong></span> 
     </span>
    </p>
   </div>
   <div class='ocr_carea' id='block_1_58' title="bbox 748 3966 2333 4039">
    <p class='ocr_par' dir='ltr' id='par_1_58' title="bbox 748 3966 2333 4039">
     <span class='ocr_line' id='line_1_58' title="bbox 748 3966 2333 4039; baseline 0.002 -18"><span class='ocrx_word' id='word_1_372' title='bbox 748 3978 855 4031; x_wconf 89' lang='lat' dir='ltr'><strong>est,</strong></span> <span class='ocrx_word' id='word_1_373' title='bbox 927 3982 1026 4021; x_wconf 86' lang='lat' dir='ltr'><strong>nec</strong></span> <span class='ocrx_word' id='word_1_374' title='bbox 1084 3981 1241 4020; x_wconf 89' lang='lat' dir='ltr'><strong>error</strong></span> <span class='ocrx_word' id='word_1_375' title='bbox 1302 3966 1610 4035; x_wconf 89' lang='lat' dir='ltr'><strong>periculum</strong></span> <span class='ocrx_word' id='word_1_376' title='bbox 1653 3968 1847 4035; x_wconf 89' lang='lat' dir='ltr'><strong>habet;</strong></span> <span class='ocrx_word' id='word_1_377' title='bbox 1880 3983 2031 4038; x_wconf 69' lang='lat' dir='ltr'><strong>quae,</strong></span> <span class='ocrx_word' id='word_1_378' title='bbox 2083 3970 2333 4039; x_wconf 86' lang='lat' dir='ltr'><strong>inquam,</strong></span> 
     </span>
    </p>
   </div>
   <div class='ocr_carea' id='block_1_59' title="bbox 748 4052 2338 4128">
    <p class='ocr_par' dir='ltr' id='par_1_59' title="bbox 748 4052 2338 4128">
     <span class='ocr_line' id='line_1_59' title="bbox 748 4052 2338 4128; baseline 0.002 -15"><span class='ocrx_word' id='word_1_379' title='bbox 748 4074 849 4113; x_wconf 89' lang='lat' dir='ltr'><strong>nec</strong></span> <span class='ocrx_word' id='word_1_380' title='bbox 890 4058 1244 4128; x_wconf 89' lang='lat' dir='ltr'><strong>ingeniosum</strong></span> <span class='ocrx_word' id='word_1_381' title='bbox 1296 4073 1360 4112; x_wconf 90' lang='lat' dir='ltr'><strong>ac</strong></span> <span class='ocrx_word' id='word_1_382' title='bbox 1404 4052 1784 4127; x_wconf 85' lang='lat' dir='ltr'><strong>perspicacem</strong></span> <span class='ocrx_word' id='word_1_383' title='bbox 1835 4061 2185 4124; x_wconf 89' lang='lat' dir='ltr'><strong>contristent,</strong></span> <span class='ocrx_word' id='word_1_384' title='bbox 2238 4077 2338 4116; x_wconf 81' lang='lat' dir='ltr'><strong>nec</strong></span> 
     </span>
    </p>
   </div>
   <div class='ocr_carea' id='block_1_60' title="bbox 748 4148 2337 4208">
    <p class='ocr_par' dir='ltr' id='par_1_60' title="bbox 748 4148 2337 4208">
     <span class='ocr_line' id='line_1_60' title="bbox 748 4148 2337 4208; baseline 0.002 -4"><span class='ocrx_word' id='word_1_385' title='bbox 748 4151 961 4205; x_wconf 79' lang='lat' dir='ltr'><strong>rustico</strong></span> <span class='ocrx_word' id='word_1_386' title='bbox 1008 4151 1241 4204; x_wconf 86' lang='lat' dir='ltr'><strong>molesta</strong></span> <span class='ocrx_word' id='word_1_387' title='bbox 1273 4150 1407 4203; x_wconf 90' lang='lat' dir='ltr'><strong>sint.</strong></span> <span class='ocrx_word' id='word_1_388' title='bbox 1453 4148 1559 4203; x_wconf 90' lang='lat' dir='ltr'><strong>Sed</strong></span> <span class='ocrx_word' id='word_1_389' title='bbox 1598 4151 1744 4203; x_wconf 88' lang='lat' dir='ltr'><strong>enim</strong></span> <span class='ocrx_word' id='word_1_390' title='bbox 1778 4153 2061 4206; x_wconf 90' lang='lat' dir='ltr'><strong>canticum</strong></span> <span class='ocrx_word' id='word_1_391' title='bbox 2094 4168 2158 4206; x_wconf 87' lang='lat' dir='ltr'><strong>ac</strong></span> <span class='ocrx_word' id='word_1_392' title='bbox 2193 4155 2337 4208; x_wconf 90' lang='lat' dir='ltr'><strong>cele-</strong></span> 
     </span>
    </p>
   </div>
   <div class='ocr_carea' id='block_1_61' title="bbox 746 4243 2339 4314">
    <p class='ocr_par' dir='ltr' id='par_1_61' title="bbox 746 4243 2339 4314">
     <span class='ocr_line' id='line_1_61' title="bbox 746 4243 2339 4314; baseline 0.002 -17"><span class='ocrx_word' id='word_1_393' title='bbox 746 4244 905 4298; x_wconf 86' lang='lat' dir='ltr'><strong>brata</strong></span> <span class='ocrx_word' id='word_1_394' title='bbox 970 4244 1213 4305; x_wconf 90' lang='lat' dir='ltr'><strong>cantico,</strong></span> <span class='ocrx_word' id='word_1_395' title='bbox 1267 4257 1590 4311; x_wconf 88' lang='lat' dir='ltr'><strong>quanquam</strong></span> <span class='ocrx_word' id='word_1_396' title='bbox 1643 4257 1672 4295; x_wconf 89' lang='lat' dir='ltr'><strong>a</strong></span> <span class='ocrx_word' id='word_1_397' title='bbox 1722 4243 1886 4299; x_wconf 86' lang='lat' dir='ltr'><strong>nobis</strong></span> <span class='ocrx_word' id='word_1_398' title='bbox 1942 4246 2339 4314; x_wconf 88' lang='lat' dir='ltr'><strong>comprehendi</strong></span> 
     </span>
    </p>
   </div>
   <div class='ocr_carea' id='block_1_62' title="bbox 749 4333 2341 4406">
    <p class='ocr_par' dir='ltr' id='par_1_62' title="bbox 749 4333 2341 4406">
     <span class='ocr_line' id='line_1_62' title="bbox 749 4333 2341 4406; baseline 0.001 -18"><span class='ocrx_word' id='word_1_399' title='bbox 749 4340 1053 4403; x_wconf 80' lang='lat' dir='ltr'><strong>nequeant,</strong></span> <span class='ocrx_word' id='word_1_400' title='bbox 1117 4340 1393 4402; x_wconf 87' lang='lat' dir='ltr'><strong>quantmn</strong></span> <span class='ocrx_word' id='word_1_401' title='bbox 1456 4333 1823 4387; x_wconf 87' lang='lat' dir='ltr'><strong>nihilominus</strong></span> <span class='ocrx_word' id='word_1_402' title='bbox 1883 4335 2030 4389; x_wconf 78' lang='lat' dir='ltr'><strong>velut</strong></span> <span class='ocrx_word' id='word_1_403' title='bbox 2059 4336 2113 4389; x_wconf 91' lang='lat' dir='ltr'><strong>in</strong></span> <span class='ocrx_word' id='word_1_404' title='bbox 2167 4336 2341 4406; x_wconf 85' lang='lat' dir='ltr'><strong>figura</strong></span> 
     </span>
    </p>
   </div>
   <div class='ocr_carea' id='block_1_63' title="bbox 750 4425 2339 4494">
    <p class='ocr_par' dir='ltr' id='par_1_63' title="bbox 750 4425 2339 4494">
     <span class='ocr_line' id='line_1_63' title="bbox 750 4425 2339 4494; baseline 0.004 -15"><span class='ocrx_word' id='word_1_405' title='bbox 750 4426 875 4479; x_wconf 85' lang='lat' dir='ltr'><strong>licet</strong></span> <span class='ocrx_word' id='word_1_406' title='bbox 911 4426 1188 4494; x_wconf 89' lang='lat' dir='ltr'><strong>accipere,</strong></span> <span class='ocrx_word' id='word_1_407' title='bbox 1223 4425 1329 4480; x_wconf 92' lang='lat' dir='ltr'><strong>hoc</strong></span> <span class='ocrx_word' id='word_1_408' title='bbox 1360 4426 1524 4480; x_wconf 91' lang='lat' dir='ltr'><strong>modo</strong></span> <span class='ocrx_word' id='word_1_409' title='bbox 1553 4427 1810 4481; x_wconf 87' lang='lat' dir='ltr'><strong>habeant.</strong></span> <span class='ocrx_word' id='word_1_410' title='bbox 1851 4430 1951 4483; x_wconf 86' lang='lat' dir='ltr'><strong>llic</strong></span> <span class='ocrx_word' id='word_1_411' title='bbox 1976 4440 2339 4485; x_wconf 88' lang='lat' dir='ltr'><strong>testamento-</strong></span> 
     </span>
    </p>
   </div>
   <div class='ocr_carea' id='block_1_64' title="bbox 2431 1969 4043 2047">
    <p class='ocr_par' dir='ltr' id='par_1_64' title="bbox 2431 1969 4043 2047">
     <span class='ocr_line' id='line_1_64' title="bbox 2431 1969 4043 2047; baseline 0.002 -25"><span class='ocrx_word' id='word_1_412' title='bbox 2431 1969 2542 2022; x_wconf 84' lang='grc' dir='ltr'>τῶν</span> <span class='ocrx_word' id='word_1_413' title='bbox 2594 1969 2957 2022; x_wconf 75' lang='grc' dir='ltr'>ἐνθεαπικῶν</span> <span class='ocrx_word' id='word_1_414' title='bbox 3010 1970 3236 2022; x_wconf 72' lang='grc' dir='ltr'>ἐκείνων</span> <span class='ocrx_word' id='word_1_415' title='bbox 3285 1971 3603 2039; x_wconf 81' lang='grc' dir='ltr'>ὑμνῳδιῶν,</span> <span class='ocrx_word' id='word_1_416' title='bbox 3647 1975 3795 2042; x_wconf 79' lang='grc' dir='ltr'>λέγω</span> <span class='ocrx_word' id='word_1_417' title='bbox 3839 1978 3913 2047; x_wconf 72' lang='grc' dir='ltr'><strong>δὴ</strong></span> <span class='ocrx_word' id='word_1_418' title='bbox 3944 1981 4043 2046; x_wconf 64' lang='grc' dir='ltr'>τῆς</span> 
     </span>
    </p>
   </div>
   <div class='ocr_carea' id='block_1_65' title="bbox 2433 2060 4042 2133">
    <p class='ocr_par' dir='ltr' id='par_1_65' title="bbox 2433 2060 4042 2133">
     <span class='ocr_line' id='line_1_65' title="bbox 2433 2060 4042 2133; baseline 0.006 -20"><span class='ocrx_word' id='word_1_419' title='bbox 2433 2061 2695 2128; x_wconf 75' lang='grc' dir='ltr'>ἑφυπνίου</span> <span class='ocrx_word' id='word_1_420' title='bbox 2710 2061 3089 2130; x_wconf 79' lang='grc' dir='ltr'>τροπολογίας,</span> <span class='ocrx_word' id='word_1_421' title='bbox 3125 2063 3199 2122; x_wconf 82' lang='grc' dir='ltr'>ὡς</span> <span class='ocrx_word' id='word_1_422' title='bbox 3226 2063 3457 2126; x_wconf 70' lang='grc' dir='ltr'>ἕκαστος</span> <span class='ocrx_word' id='word_1_423' title='bbox 3492 2060 3560 2132; x_wconf 80' lang='grc' dir='ltr'>ἦν</span> <span class='ocrx_word' id='word_1_424' title='bbox 3593 2066 3852 2127; x_wconf 72' lang='grc' dir='ltr'>δυνατδς,</span> <span class='ocrx_word' id='word_1_425' title='bbox 3882 2071 4042 2133; x_wconf 68' lang='grc' dir='ltr'>ἄλλος</span> 
     </span>
    </p>
   </div>
   <div class='ocr_carea' id='block_1_66' title="bbox 2432 2151 4042 2228">
    <p class='ocr_par' dir='ltr' id='par_1_66' title="bbox 2432 2151 4042 2228">
     <span class='ocr_line' id='line_1_66' title="bbox 2432 2151 4042 2228; baseline 0.004 -23"><span class='ocrx_word' id='word_1_426' title='bbox 2432 2152 2592 2205; x_wconf 82' lang='grc' dir='ltr'>ἄλλον</span> <span class='ocrx_word' id='word_1_427' title='bbox 2646 2152 2894 2219; x_wconf 76' lang='grc' dir='ltr'>ἀμείϐων</span> <span class='ocrx_word' id='word_1_428' title='bbox 2944 2154 3237 2221; x_wconf 74' lang='grc' dir='ltr'>ἐφήπτετο.</span> <span class='ocrx_word' id='word_1_429' title='bbox 3297 2154 3378 2206; x_wconf 80' lang='grc' dir='ltr'><strong>Τά</strong></span> <span class='ocrx_word' id='word_1_430' title='bbox 3425 2156 3481 2207; x_wconf 82' lang='grc' dir='ltr'>δὲ</span> <span class='ocrx_word' id='word_1_431' title='bbox 3529 2151 3597 2225; x_wconf 80' lang='grc' dir='ltr'>ἦν</span> <span class='ocrx_word' id='word_1_432' title='bbox 3660 2159 3765 2228; x_wconf 76' lang='grc' dir='ltr'><strong>οὐχ</strong></span> <span class='ocrx_word' id='word_1_433' title='bbox 3832 2155 4042 2228; x_wconf 70' lang='grc' dir='ltr'>οἵαπερ</span> 
     </span>
    </p>
   </div>
   <div class='ocr_carea' id='block_1_67' title="bbox 2434 2244 4041 2321">
    <p class='ocr_par' dir='ltr' id='par_1_67' title="bbox 2434 2244 4041 2321">
     <span class='ocr_line' id='line_1_67' title="bbox 2434 2244 4041 2321; baseline 0.006 -26"><span class='ocrx_word' id='word_1_434' title='bbox 2434 2244 2587 2297; x_wconf 83' lang='grc' dir='ltr'>αὐτοὶ</span> <span class='ocrx_word' id='word_1_435' title='bbox 2619 2247 2761 2296; x_wconf 88' lang='grc' dir='ltr'>νοεῖν</span> <span class='ocrx_word' id='word_1_436' title='bbox 2810 2244 3141 2314; x_wconf 76' lang='grc' dir='ltr'>ἐναγόμεθα,</span> <span class='ocrx_word' id='word_1_437' title='bbox 3172 2246 3204 2313; x_wconf 83' lang='grc' dir='ltr'>ἢ</span> <span class='ocrx_word' id='word_1_438' title='bbox 3257 2247 3333 2309; x_wconf 87' lang='grc' dir='ltr'>ὠς</span> <span class='ocrx_word' id='word_1_439' title='bbox 3371 2246 3436 2299; x_wconf 78' lang='grc' dir='ltr'>ἄν</span> <span class='ocrx_word' id='word_1_440' title='bbox 3458 2264 3540 2311; x_wconf 86' lang='grc' dir='ltr'><strong>τις</strong></span> <span class='ocrx_word' id='word_1_441' title='bbox 3581 2250 3750 2319; x_wconf 77' lang='grc' dir='ltr'>τυχὸν</span> <span class='ocrx_word' id='word_1_442' title='bbox 3781 2253 4041 2321; x_wconf 69' lang='grc' dir='ltr'>ὑπογρα-</span> 
     </span>
    </p>
   </div>
   <div class='ocr_carea' id='block_1_68' title="bbox 2431 2335 4039 2414">
    <p class='ocr_par' dir='ltr' id='par_1_68' title="bbox 2431 2335 4039 2414">
     <span class='ocr_line' id='line_1_68' title="bbox 2431 2335 4039 2414; baseline 0.007 -27"><span class='ocrx_word' id='word_1_443' title='bbox 2431 2335 2604 2404; x_wconf 58' lang='lat' dir='ltr'><strong>emo,</strong></span> <span class='ocrx_word' id='word_1_444' title='bbox 2640 2336 2754 2389; x_wconf 81' lang='grc' dir='ltr'>ἀλλ’</span> <span class='ocrx_word' id='word_1_445' title='bbox 2782 2336 2857 2398; x_wconf 85' lang='grc' dir='ltr'><strong>ὡς</strong></span> <span class='ocrx_word' id='word_1_446' title='bbox 2881 2336 2948 2389; x_wconf 81' lang='grc' dir='ltr'>ἂν</span> <span class='ocrx_word' id='word_1_447' title='bbox 2982 2338 3224 2400; x_wconf 76' lang='grc' dir='ltr'><strong>ἐκείνους</strong></span> <span class='ocrx_word' id='word_1_448' title='bbox 3252 2340 3452 2391; x_wconf 84' lang='grc' dir='ltr'>ὲτύπου</span> <span class='ocrx_word' id='word_1_449' title='bbox 3483 2341 3664 2409; x_wconf 81' lang='grc' dir='ltr'>λέγειν</span> <span class='ocrx_word' id='word_1_450' title='bbox 3686 2343 3751 2395; x_wconf 80' lang='grc' dir='ltr'>τὸ</span> <span class='ocrx_word' id='word_1_451' title='bbox 3781 2344 4039 2414; x_wconf 71' lang='grc' dir='ltr'>Πνεῦμα,</span> 
     </span>
    </p>
   </div>
   <div class='ocr_carea' id='block_1_69' title="bbox 2434 2424 4041 2506">
    <p class='ocr_par' dir='ltr' id='par_1_69' title="bbox 2434 2424 4041 2506">
     <span class='ocr_line' id='line_1_69' title="bbox 2434 2424 4041 2506; baseline 0.006 -25"><span class='ocrx_word' id='word_1_452' title='bbox 2434 2429 2528 2481; x_wconf 68' lang='grc' dir='ltr'><strong>καὶ⁵</strong></span> <span class='ocrx_word' id='word_1_453' title='bbox 2556 2428 2774 2480; x_wconf 78' lang='grc' dir='ltr'>ἀκούειν</span> <span class='ocrx_word' id='word_1_454' title='bbox 2796 2429 3121 2497; x_wconf 74' lang='grc' dir='ltr'>ἐπέτρεπεν.</span> <span class='ocrx_word' id='word_1_455' title='bbox 3156 2424 3327 2493; x_wconf 74' lang='grc' dir='ltr'>Οὗτός</span> <span class='ocrx_word' id='word_1_456' title='bbox 3360 2449 3418 2485; x_wconf 87' lang='grc' dir='ltr'><strong>τε</strong></span> <span class='ocrx_word' id='word_1_457' title='bbox 3446 2434 3609 2497; x_wconf 73' lang='grc' dir='ltr'>αὐτὸς</span> <span class='ocrx_word' id='word_1_458' title='bbox 3644 2437 3672 2487; x_wconf 98' lang='lat'><strong>6</strong></span> <span class='ocrx_word' id='word_1_459' title='bbox 3702 2434 3910 2506; x_wconf 77' lang='grc' dir='ltr'>ὕμνος,</span> <span class='ocrx_word' id='word_1_460' title='bbox 3949 2440 4041 2491; x_wconf 68' lang='grc' dir='ltr'>καὶ</span> 
     </span>
    </p>
   </div>
   <div class='ocr_carea' id='block_1_70' title="bbox 2431 2520 4041 2593">
    <p class='ocr_par' dir='ltr' id='par_1_70' title="bbox 2431 2520 4041 2593">
     <span class='ocr_line' id='line_1_70' title="bbox 2431 2520 4041 2593; baseline 0.006 -22"><span class='ocrx_word' id='word_1_461' title='bbox 2431 2521 2500 2572; x_wconf 77' lang='grc' dir='ltr'><strong>τὰ</strong></span> <span class='ocrx_word' id='word_1_462' title='bbox 2534 2520 2871 2589; x_wconf 77' lang='grc' dir='ltr'>ὑμνούμενα,</span> <span class='ocrx_word' id='word_1_463' title='bbox 2905 2521 3040 2591; x_wconf 82' lang='grc' dir='ltr'>πρὸς</span> <span class='ocrx_word' id='word_1_464' title='bbox 3070 2520 3179 2574; x_wconf 85' lang='grc' dir='ltr'><strong>τῶν</strong></span> <span class='ocrx_word' id='word_1_465' title='bbox 3222 2523 3538 2591; x_wconf 78' lang='grc' dir='ltr'>ὑμνολόγων</span> <span class='ocrx_word' id='word_1_466' title='bbox 3564 2526 3787 2593; x_wconf 83' lang='grc' dir='ltr'><strong>ὲλὲγετό</strong></span> <span class='ocrx_word' id='word_1_467' title='bbox 3837 2547 3903 2580; x_wconf 86' lang='grc' dir='ltr'><strong>τε</strong></span> <span class='ocrx_word' id='word_1_468' title='bbox 3950 2532 4041 2582; x_wconf 72' lang='grc' dir='ltr'>καὶ</span> 
     </span>
    </p>
   </div>
   <div class='ocr_carea' id='block_1_71' title="bbox 2434 2594 4039 2691">
    <p class='ocr_par' dir='ltr' id='par_1_71' title="bbox 2434 2594 4039 2691">
     <span class='ocr_line' id='line_1_71' title="bbox 2434 2594 4039 2691; baseline 0.007 -29"><span class='ocrx_word' id='word_1_469' title='bbox 2434 2611 2749 2681; x_wconf 82' lang='grc' dir='ltr'>ὲξηκούετο,</span> <span class='ocrx_word' id='word_1_470' title='bbox 2797 2611 2897 2681; x_wconf 75' lang='grc' dir='ltr'>τῆς</span> <span class='ocrx_word' id='word_1_471' title='bbox 2946 2594 3097 2665; x_wconf 78' lang='grc' dir='ltr'>κάτω</span> <span class='ocrx_word' id='word_1_472' title='bbox 3137 2614 3235 2682; x_wconf 81' lang='grc' dir='ltr'>μὲν</span> <span class='ocrx_word' id='word_1_473' title='bbox 3266 2614 3362 2666; x_wconf 79' lang='grc' dir='ltr'>καὶ</span> <span class='ocrx_word' id='word_1_474' title='bbox 3418 2616 3544 2668; x_wconf 80' lang='grc' dir='ltr'>καθ’</span> <span class='ocrx_word' id='word_1_475' title='bbox 3582 2618 3733 2686; x_wconf 70' lang='grc' dir='ltr'>ἡμᾶς</span> <span class='ocrx_word' id='word_1_476' title='bbox 3783 2621 4039 2691; x_wconf 71' lang='grc' dir='ltr'>εὐαρμο-</span> 
     </span>
    </p>
   </div>
   <div class='ocr_carea' id='block_1_72' title="bbox 2436 2700 4038 2780">
    <p class='ocr_par' dir='ltr' id='par_1_72' title="bbox 2436 2700 4038 2780">
     <span class='ocr_line' id='line_1_72' title="bbox 2436 2700 4038 2780; baseline 0.008 -29"><span class='ocrx_word' id='word_1_477' title='bbox 2436 2700 2588 2763; x_wconf 87' lang='grc' dir='ltr'>στίας</span> <span class='ocrx_word' id='word_1_478' title='bbox 2646 2703 2742 2754; x_wconf 79' lang='lat' dir='ltr'><strong>xa‘t</strong></span> <span class='ocrx_word' id='word_1_479' title='bbox 2821 2704 3148 2770; x_wconf 82' lang='grc' dir='ltr'>συμφωνίας</span> <span class='ocrx_word' id='word_1_480' title='bbox 3224 2704 3616 2773; x_wconf 81' lang='grc' dir='ltr'>ἀπειρημένως</span> <span class='ocrx_word' id='word_1_481' title='bbox 3686 2708 4038 2780; x_wconf 71' lang='grc' dir='ltr'><strong>ἐξῃρημένα·</strong></span> 
     </span>
    </p>
   </div>
   <div class='ocr_carea' id='block_1_73' title="bbox 2436 2788 4039 2869">
    <p class='ocr_par' dir='ltr' id='par_1_73' title="bbox 2436 2788 4039 2869">
     <span class='ocr_line' id='line_1_73' title="bbox 2436 2788 4039 2869; baseline 0.009 -29"><span class='ocrx_word' id='word_1_482' title='bbox 2436 2788 2610 2859; x_wconf 77' lang='grc' dir='ltr'>βραχὺ</span> <span class='ocrx_word' id='word_1_483' title='bbox 2640 2790 2695 2841; x_wconf 80' lang='grc' dir='ltr'><strong>δὲ</strong></span> <span class='ocrx_word' id='word_1_484' title='bbox 2727 2789 2759 2858; x_wconf 82' lang='grc' dir='ltr'>ἢ</span> <span class='ocrx_word' id='word_1_485' title='bbox 2786 2790 2959 2853; x_wconf 79' lang='grc' dir='ltr'>οὐδὲν,</span> <span class='ocrx_word' id='word_1_486' title='bbox 2997 2789 3092 2842; x_wconf 82' lang='grc' dir='ltr'>τοῦ</span> <span class='ocrx_word' id='word_1_487' title='bbox 3125 2791 3259 2860; x_wconf 79' lang='grc' dir='ltr'>ἤχου</span> <span class='ocrx_word' id='word_1_488' title='bbox 3290 2793 3400 2845; x_wconf 83' lang='grc' dir='ltr'><strong>τῶν</strong></span> <span class='ocrx_word' id='word_1_489' title='bbox 3450 2796 3827 2865; x_wconf 67' lang='grc' dir='ltr'>ἑορταζόντων</span> <span class='ocrx_word' id='word_1_490' title='bbox 3864 2803 4039 2869; x_wconf 71' lang='grc' dir='ltr'>ἀγγέ-</span> 
     </span>
    </p>
   </div>
   <div class='ocr_carea' id='block_1_74' title="bbox 2433 2879 4038 2960">
    <p class='ocr_par' dir='ltr' id='par_1_74' title="bbox 2433 2879 4038 2960">
     <span class='ocr_line' id='line_1_74' title="bbox 2433 2879 4038 2960; baseline 0.009 -28"><span class='ocrx_word' id='word_1_491' title='bbox 2433 2880 2541 2933; x_wconf 86' lang='grc' dir='ltr'><strong>λων</strong></span> <span class='ocrx_word' id='word_1_492' title='bbox 2585 2882 2643 2933; x_wconf 77' lang='grc' dir='ltr'>ἑν</span> <span class='ocrx_word' id='word_1_493' title='bbox 2697 2883 2951 2951; x_wconf 80' lang='grc' dir='ltr'>οὐρανοῖς</span> <span class='ocrx_word' id='word_1_494' title='bbox 3002 2882 3303 2938; x_wconf 80' lang='grc' dir='ltr'>ἀποδέοντα</span> <span class='ocrx_word' id='word_1_495' title='bbox 3331 2902 3345 2915; x_wconf 74' lang='grc' dir='ltr'><strong>ο</strong></span> <span class='ocrx_word' id='word_1_496' title='bbox 3388 2879 3463 2938; x_wconf 82' lang='grc' dir='ltr'>ὧν</span> <span class='ocrx_word' id='word_1_497' title='bbox 3508 2889 3569 2941; x_wconf 79' lang='grc' dir='ltr'><strong>τό</strong></span> <span class='ocrx_word' id='word_1_498' title='bbox 3608 2907 3669 2943; x_wconf 89' lang='grc' dir='ltr'><strong>τε</strong></span> <span class='ocrx_word' id='word_1_499' title='bbox 3732 2891 3871 2960; x_wconf 58' lang='grc' dir='ltr'>ὕψος</span> <span class='ocrx_word' id='word_1_500' title='bbox 3944 2898 4038 2947; x_wconf 64' lang='grc' dir='ltr'><strong>καὶ</strong></span> 
     </span>
    </p>
   </div>
   <div class='ocr_carea' id='block_1_75' title="bbox 2437 2967 4037 3054">
    <p class='ocr_par' dir='ltr' id='par_1_75' title="bbox 2437 2967 4037 3054">
     <span class='ocr_line' id='line_1_75' title="bbox 2437 2967 4037 3054; baseline 0.011 -34"><span class='ocrx_word' id='word_1_501' title='bbox 2437 2967 2620 3038; x_wconf 76' lang='grc' dir='ltr'>βάθος,</span> <span class='ocrx_word' id='word_1_502' title='bbox 2642 2971 2738 3023; x_wconf 68' lang='grc' dir='ltr'>καὶ</span> <span class='ocrx_word' id='word_1_503' title='bbox 2762 2972 2860 3042; x_wconf 74' lang='grc' dir='ltr'>τὴν</span> <span class='ocrx_word' id='word_1_504' title='bbox 2880 2974 2958 3034; x_wconf 89' lang='grc' dir='ltr'><strong>είς</strong></span> <span class='ocrx_word' id='word_1_505' title='bbox 2986 2972 3214 3044; x_wconf 72' lang='grc' dir='ltr'>ἄπειρον</span> <span class='ocrx_word' id='word_1_506' title='bbox 3241 2975 3571 3047; x_wconf 70' lang='grc' dir='ltr'>ὡραιότητα,</span> <span class='ocrx_word' id='word_1_507' title='bbox 3608 2983 3673 3033; x_wconf 82' lang='grc' dir='ltr'><strong>ού</strong></span> <span class='ocrx_word' id='word_1_508' title='bbox 3706 2983 3844 3051; x_wconf 77' lang='grc' dir='ltr'>πρὸς</span> <span class='ocrx_word' id='word_1_509' title='bbox 3879 2987 4037 3054; x_wconf 71' lang='grc' dir='ltr'>ἡμῶν</span> 
     </span>
    </p>
   </div>
   <div class='ocr_carea' id='block_1_76' title="bbox 2436 3062 4039 3145">
    <p class='ocr_par' dir='ltr' id='par_1_76' title="bbox 2436 3062 4039 3145">
     <span class='ocr_line' id='line_1_76' title="bbox 2436 3062 4039 3145; baseline 0.011 -32"><span class='ocrx_word' id='word_1_510' title='bbox 2436 3062 2844 3131; x_wconf 77' lang='grc' dir='ltr'>σχεδιάζεσθαι,</span> <span class='ocrx_word' id='word_1_511' title='bbox 2885 3063 2994 3117; x_wconf 79' lang='grc' dir='ltr'><strong>τῶν</strong></span> <span class='ocrx_word' id='word_1_512' title='bbox 3049 3066 3474 3145; x_wconf 61' lang='grc' dir='ltr'>μηδ⁹οπωσοῦν</span> <span class='ocrx_word' id='word_1_513' title='bbox 3537 3073 3637 3141; x_wconf 80' lang='grc' dir='ltr'>τῆς</span> <span class='ocrx_word' id='word_1_514' title='bbox 3673 3076 3891 3127; x_wconf 73' lang='grc' dir='ltr'>τοιᾶσδε</span> <span class='ocrx_word' id='word_1_515' title='bbox 3948 3095 4039 3144; x_wconf 77' lang='grc' dir='ltr'><strong>γε-</strong></span> 
     </span>
    </p>
   </div>
   <div class='ocr_carea' id='block_1_77' title="bbox 2436 3156 4036 3235">
    <p class='ocr_par' dir='ltr' id='par_1_77' title="bbox 2436 3156 4036 3235">
     <span class='ocr_line' id='line_1_77' title="bbox 2436 3156 4036 3235; baseline 0.008 -29"><span class='ocrx_word' id='word_1_516' title='bbox 2436 3156 2718 3224; x_wconf 82' lang='grc' dir='ltr'>γευμένων</span> <span class='ocrx_word' id='word_1_517' title='bbox 2778 3156 3061 3225; x_wconf 74' lang='grc' dir='ltr'>ἡδύτητος,</span> <span class='ocrx_word' id='word_1_518' title='bbox 3105 3161 3229 3229; x_wconf 80' lang='grc' dir='ltr'>σιγῇ</span> <span class='ocrx_word' id='word_1_519' title='bbox 3279 3159 3335 3211; x_wconf 83' lang='grc' dir='ltr'>δὲ</span> <span class='ocrx_word' id='word_1_520' title='bbox 3387 3164 3651 3231; x_wconf 73' lang='grc' dir='ltr'>τιμᾶτθαι</span> <span class='ocrx_word' id='word_1_521' title='bbox 3714 3170 3927 3235; x_wconf 78' lang='grc' dir='ltr'>μΞλλον</span> <span class='ocrx_word' id='word_1_522' title='bbox 3964 3172 4036 3232; x_wconf 55' lang='lat' dir='ltr'><strong>ei;</strong></span> 
     </span>
    </p>
   </div>
   <div class='ocr_carea' id='block_1_78' title="bbox 2434 3248 4036 3318">
    <p class='ocr_par' dir='ltr' id='par_1_78' title="bbox 2434 3248 4036 3318">
     <span class='ocr_line' id='line_1_78' title="bbox 2434 3248 4036 3318; baseline 0.008 -18"><span class='ocrx_word' id='word_1_523' title='bbox 2434 3248 2647 3317; x_wconf 73' lang='grc' dir='ltr'>ἀληπτα</span> <span class='ocrx_word' id='word_1_524' title='bbox 2684 3248 2776 3300; x_wconf 72' lang='grc' dir='ltr'>καὶ</span> <span class='ocrx_word' id='word_1_525' title='bbox 2811 3248 3110 3317; x_wconf 68' lang='grc' dir='ltr'>ἀνέκφορα.</span> <span class='ocrx_word' id='word_1_526' title='bbox 3135 3250 3332 3313; x_wconf 84' lang='grc' dir='ltr'>Μόνοις</span> <span class='ocrx_word' id='word_1_527' title='bbox 3365 3252 3421 3303; x_wconf 79' lang='grc' dir='ltr'>δὲ</span> <span class='ocrx_word' id='word_1_528' title='bbox 3460 3255 3671 3318; x_wconf 85' lang='grc' dir='ltr'>τούτοις</span> <span class='ocrx_word' id='word_1_529' title='bbox 3709 3260 4036 3315; x_wconf 67' lang='grc' dir='ltr'>ἐπιϐάλλειν</span> 
     </span>
    </p>
   </div>
   <div class='ocr_carea' id='block_1_79' title="bbox 2434 3338 4037 3424">
    <p class='ocr_par' dir='ltr' id='par_1_79' title="bbox 2434 3338 4037 3424">
     <span class='ocr_line' id='line_1_79' title="bbox 2434 3338 4037 3424; baseline -0.004 -22"><span class='ocrx_word' id='word_1_530' title='bbox 2434 3342 2584 3409; x_wconf 78' lang='grc' dir='ltr'>ἡμᾶς</span> <span class='ocrx_word' id='word_1_531' title='bbox 2614 3340 2879 3407; x_wconf 67' lang='grc' dir='ltr'>ἀσφαλὲς,</span> <span class='ocrx_word' id='word_1_532' title='bbox 2909 3342 2995 3408; x_wconf 67' lang='grc' dir='ltr'><strong>ἐφ’</strong></span> <span class='ocrx_word' id='word_1_533' title='bbox 3050 3338 3131 3405; x_wconf 74' lang='grc' dir='ltr'><strong>οἷς</strong></span> <span class='ocrx_word' id='word_1_534' title='bbox 3161 3345 3254 3396; x_wconf 74' lang='grc' dir='ltr'>καὶ</span> <span class='ocrx_word' id='word_1_535' title='bbox 3288 3345 3347 3397; x_wconf 83' lang='grc' dir='ltr'>τὸ</span> <span class='ocrx_word' id='word_1_536' title='bbox 3407 3347 3795 3418; x_wconf 65' lang='grc' dir='ltr'>ἐπιτυγχάνειν</span> <span class='ocrx_word' id='word_1_537' title='bbox 3838 3356 4037 3424; x_wconf 58' lang='grc' dir='ltr'><strong>ἐπέρα.</strong></span> 
     </span>
    </p>
   </div>
   <div class='ocr_carea' id='block_1_80' title="bbox 2438 3432 4034 3513">
    <p class='ocr_par' dir='ltr' id='par_1_80' title="bbox 2438 3432 4034 3513">
     <span class='ocr_line' id='line_1_80' title="bbox 2438 3432 4034 3513; baseline 0.011 -31"><span class='ocrx_word' id='word_1_538' title='bbox 2438 3448 2581 3495; x_wconf 92' lang='grc' dir='ltr'>στον,</span> <span class='ocrx_word' id='word_1_539' title='bbox 2615 3434 2709 3484; x_wconf 76' lang='grc' dir='ltr'>καὶ</span> <span class='ocrx_word' id='word_1_540' title='bbox 2752 3432 2811 3485; x_wconf 80' lang='grc' dir='ltr'>τδ</span> <span class='ocrx_word' id='word_1_541' title='bbox 2872 3433 3271 3504; x_wconf 78' lang='grc' dir='ltr'>διαμαρτάνειν</span> <span class='ocrx_word' id='word_1_542' title='bbox 3315 3438 3597 3492; x_wconf 84' lang='grc' dir='ltr'>ἀκίνδυνον</span> <span class='ocrx_word' id='word_1_543' title='bbox 3624 3462 3635 3472; x_wconf 90' lang='grc'><strong>·</strong></span> <span class='ocrx_word' id='word_1_544' title='bbox 3676 3443 3709 3496; x_wconf 80' lang='grc' dir='ltr'>ἃ</span> <span class='ocrx_word' id='word_1_545' title='bbox 3743 3446 3889 3513; x_wconf 76' lang='grc' dir='ltr'>μήτε</span> <span class='ocrx_word' id='word_1_546' title='bbox 3947 3450 4034 3499; x_wconf 62' lang='grc' dir='ltr'>τὶν</span> 
     </span>
    </p>
   </div>
   <div class='ocr_carea' id='block_1_81' title="bbox 2436 3523 4033 3605">
    <p class='ocr_par' dir='ltr' id='par_1_81' title="bbox 2436 3523 4033 3605">
     <span class='ocr_line' id='line_1_81' title="bbox 2436 3523 4033 3605; baseline 0.006 -31"><span class='ocrx_word' id='word_1_547' title='bbox 2436 3525 2736 3589; x_wconf 78' lang='grc' dir='ltr'>γνωστικὸν</span> <span class='ocrx_word' id='word_1_548' title='bbox 2771 3523 2933 3576; x_wconf 82' lang='grc' dir='ltr'>λυπεῖ</span> <span class='ocrx_word' id='word_1_549' title='bbox 2958 3566 2971 3588; x_wconf 89' lang='grc'><strong>,</strong></span> <span class='ocrx_word' id='word_1_550' title='bbox 3026 3528 3165 3597; x_wconf 83' lang='grc' dir='ltr'>μήτε</span> <span class='ocrx_word' id='word_1_551' title='bbox 3189 3529 3280 3581; x_wconf 79' lang='grc' dir='ltr'>τὸν</span> <span class='ocrx_word' id='word_1_552' title='bbox 3310 3529 3571 3600; x_wconf 72' lang='grc' dir='ltr'>ἀγροῖκον</span> <span class='ocrx_word' id='word_1_553' title='bbox 3598 3536 3745 3605; x_wconf 78' lang='grc' dir='ltr'>ἀνιᾷ.</span> <span class='ocrx_word' id='word_1_554' title='bbox 3796 3538 3854 3589; x_wconf 78' lang='grc' dir='ltr'>ὐ</span> <span class='ocrx_word' id='word_1_555' title='bbox 3884 3540 3945 3592; x_wconf 71' lang='grc' dir='ltr'><strong>δέ</strong></span> <span class='ocrx_word' id='word_1_556' title='bbox 3976 3559 4033 3604; x_wconf 62' lang='grc' dir='ltr'><strong>τε</strong></span> 
     </span>
    </p>
   </div>
   <div class='ocr_carea' id='block_1_82' title="bbox 2439 3615 4037 3697">
    <p class='ocr_par' dir='ltr' id='par_1_82' title="bbox 2439 3615 4037 3697">
     <span class='ocr_line' id='line_1_82' title="bbox 2439 3615 4037 3697; baseline 0.012 -31"><span class='ocrx_word' id='word_1_557' title='bbox 2439 3615 2605 3683; x_wconf 80' lang='grc' dir='ltr'>ὕμνος</span> <span class='ocrx_word' id='word_1_558' title='bbox 2638 3617 2731 3667; x_wconf 69' lang='grc' dir='ltr'>καὶ</span> <span class='ocrx_word' id='word_1_559' title='bbox 2758 3618 2825 3669; x_wconf 68' lang='grc' dir='ltr'><strong>τὰ</strong></span> <span class='ocrx_word' id='word_1_560' title='bbox 2882 3619 3219 3688; x_wconf 78' lang='grc' dir='ltr'>ὑμνούμενα,</span> <span class='ocrx_word' id='word_1_561' title='bbox 3268 3624 3317 3674; x_wconf 80' lang='grc' dir='ltr'><strong>εί</strong></span> <span class='ocrx_word' id='word_1_562' title='bbox 3348 3626 3440 3675; x_wconf 76' lang='grc' dir='ltr'>καὶ</span> <span class='ocrx_word' id='word_1_563' title='bbox 3470 3626 3569 3693; x_wconf 72' lang='grc' dir='ltr'>τὴν</span> <span class='ocrx_word' id='word_1_564' title='bbox 3601 3628 3882 3697; x_wconf 74' lang='grc' dir='ltr'>ἡμετέραν</span> <span class='ocrx_word' id='word_1_565' title='bbox 3924 3634 4037 3685; x_wconf 70' lang='grc' dir='ltr'>δια-</span> 
     </span>
    </p>
   </div>
   <div class='ocr_carea' id='block_1_83' title="bbox 2437 3706 4034 3786">
    <p class='ocr_par' dir='ltr' id='par_1_83' title="bbox 2437 3706 4034 3786">
     <span class='ocr_line' id='line_1_83' title="bbox 2437 3706 4034 3786; baseline 0.011 -29"><span class='ocrx_word' id='word_1_566' title='bbox 2437 3706 2630 3775; x_wconf 82' lang='grc' dir='ltr'>φεύγει</span> <span class='ocrx_word' id='word_1_567' title='bbox 2665 3708 2992 3778; x_wconf 56' lang='grc' dir='ltr'>κατάληψιν,</span> <span class='ocrx_word' id='word_1_568' title='bbox 3023 3711 3163 3763; x_wconf 87' lang='grc' dir='ltr'><strong>κατά</strong></span> <span class='ocrx_word' id='word_1_569' title='bbox 3204 3712 3337 3780; x_wconf 80' lang='grc' dir='ltr'>γοῦν</span> <span class='ocrx_word' id='word_1_570' title='bbox 3369 3714 3429 3767; x_wconf 84' lang='grc' dir='ltr'>τὸ</span> <span class='ocrx_word' id='word_1_571' title='bbox 3460 3717 3590 3785; x_wconf 83' lang='grc' dir='ltr'>ἡμῖν</span> <span class='ocrx_word' id='word_1_572' title='bbox 3623 3721 3845 3786; x_wconf 59' lang='grc' dir='ltr'>ἐφικτὸν</span> <span class='ocrx_word' id='word_1_573' title='bbox 3880 3722 3960 3785; x_wconf 85' lang='grc' dir='ltr'><strong>ὡς</strong></span> <span class='ocrx_word' id='word_1_574' title='bbox 3982 3727 4034 3773; x_wconf 78' lang='grc' dir='ltr'>ἐν</span> 
     </span>
    </p>
   </div>
   <div class='ocr_carea' id='block_1_84' title="bbox 2436 3796 4033 3880">
    <p class='ocr_par' dir='ltr' id='par_1_84' title="bbox 2436 3796 4033 3880">
     <span class='ocr_line' id='line_1_84' title="bbox 2436 3796 4033 3880; baseline 0.011 -32"><span class='ocrx_word' id='word_1_575' title='bbox 2436 3796 2593 3867; x_wconf 82' lang='grc' dir='ltr'>τύπῳ</span> <span class='ocrx_word' id='word_1_576' title='bbox 2622 3796 2903 3850; x_wconf 75' lang='grc' dir='ltr'>διαλαϐεῖν</span> <span class='ocrx_word' id='word_1_577' title='bbox 2930 3799 3173 3853; x_wconf 81' lang='grc' dir='ltr'>ἔστωσαν</span> <span class='ocrx_word' id='word_1_578' title='bbox 3213 3802 3408 3867; x_wconf 72' lang='grc' dir='ltr'>οὕτως.</span> <span class='ocrx_word' id='word_1_579' title='bbox 3459 3806 3634 3860; x_wconf 74' lang='grc' dir='ltr'>Τοῦτο</span> <span class='ocrx_word' id='word_1_580' title='bbox 3668 3811 3727 3861; x_wconf 68' lang='grc' dir='ltr'><strong>τὸ</strong></span> <span class='ocrx_word' id='word_1_581' title='bbox 3765 3809 4033 3880; x_wconf 70' lang='grc' dir='ltr'>πέραςᾶν</span> 
     </span>
    </p>
   </div>
   <div class='ocr_carea' id='block_1_85' title="bbox 2438 3889 4031 3974">
    <p class='ocr_par' dir='ltr' id='par_1_85' title="bbox 2438 3889 4031 3974">
     <span class='ocr_line' id='line_1_85' title="bbox 2438 3889 4031 3974; baseline 0.013 -35"><span class='ocrx_word' id='word_1_582' title='bbox 2438 3889 2575 3959; x_wconf 73' lang='grc' dir='ltr'>πρὸς</span> <span class='ocrx_word' id='word_1_583' title='bbox 2604 3890 2751 3958; x_wconf 79' lang='grc' dir='ltr'>ἡμᾶς</span> <span class='ocrx_word' id='word_1_584' title='bbox 2772 3891 3049 3961; x_wconf 74' lang='grc' dir='ltr'>διαθηκῶν</span> <span class='ocrx_word' id='word_1_585' title='bbox 3082 3893 3234 3947; x_wconf 77' lang='grc' dir='ltr'>ἔθετο</span> <span class='ocrx_word' id='word_1_586' title='bbox 3263 3897 3291 3946; x_wconf 92' lang='lat'><strong>6</strong></span> <span class='ocrx_word' id='word_1_587' title='bbox 3325 3897 3454 3959; x_wconf 75' lang='lat'><strong>8:6;</strong></span> <span class='ocrx_word' id='word_1_588' title='bbox 3474 3913 3487 3925; x_wconf 88' lang='lat'>&#39;</span> <span class='ocrx_word' id='word_1_589' title='bbox 3529 3901 3687 3953; x_wconf 72' lang='grc' dir='ltr'>τοῦτο</span> <span class='ocrx_word' id='word_1_590' title='bbox 3717 3905 3749 3970; x_wconf 76' lang='grc' dir='ltr'>ἡ</span> <span class='ocrx_word' id='word_1_591' title='bbox 3784 3908 4031 3974; x_wconf 43' lang='lat' dir='ltr'><strong>acu-15.0w-</strong></span> 
     </span>
    </p>
   </div>
   <div class='ocr_carea' id='block_1_86' title="bbox 2441 3982 4029 4065">
    <p class='ocr_par' dir='ltr' id='par_1_86' title="bbox 2441 3982 4029 4065">
     <span class='ocr_line' id='line_1_86' title="bbox 2441 3982 4029 4065; baseline 0.009 -33"><span class='ocrx_word' id='word_1_592' title='bbox 2441 3982 2650 4041; x_wconf 82' lang='grc' dir='ltr'>σιςτῶν</span> <span class='ocrx_word' id='word_1_593' title='bbox 2672 3983 3011 4052; x_wconf 56' lang='grc' dir='ltr'>ἀποκρύςεων</span> <span class='ocrx_word' id='word_1_594' title='bbox 3062 3987 3162 4056; x_wconf 86' lang='grc' dir='ltr'>τῆς</span> <span class='ocrx_word' id='word_1_595' title='bbox 3208 3987 3358 4051; x_wconf 86' lang='grc' dir='ltr'>Θείας</span> <span class='ocrx_word' id='word_1_596' title='bbox 3400 3992 3783 4062; x_wconf 58' lang='grc' dir='ltr'>ἀκαταληψίας</span> <span class='ocrx_word' id='word_1_597' title='bbox 3833 3999 4029 4065; x_wconf 66' lang='grc' dir='ltr'>βύῡιῖ-ι,</span> 
     </span>
    </p>
   </div>
   <div class='ocr_carea' id='block_1_87' title="bbox 2440 4066 4030 4159">
    <p class='ocr_par' dir='ltr' id='par_1_87' title="bbox 2440 4066 4030 4159">
     <span class='ocr_line' id='line_1_87' title="bbox 2440 4066 4030 4159; baseline 0.011 -35"><span class='ocrx_word' id='word_1_598' title='bbox 2440 4066 2606 4135; x_wconf 75' lang='grc' dir='ltr'>Οὗτος</span> <span class='ocrx_word' id='word_1_599' title='bbox 2636 4074 2664 4125; x_wconf 87' lang='lat'><strong>6</strong></span> <span class='ocrx_word' id='word_1_600' title='bbox 2696 4075 2903 4138; x_wconf 79' lang='grc' dir='ltr'>σκοπὸς</span> <span class='ocrx_word' id='word_1_601' title='bbox 2935 4077 2962 4128; x_wconf 82' lang='lat'><strong>6</strong></span> <span class='ocrx_word' id='word_1_602' title='bbox 2991 4079 3417 4150; x_wconf 73' lang='grc' dir='ltr'>προεπινοηθεὶς</span> <span class='ocrx_word' id='word_1_603' title='bbox 3461 4084 3569 4135; x_wconf 83' lang='grc' dir='ltr'>τῶν</span> <span class='ocrx_word' id='word_1_604' title='bbox 3607 4085 3822 4139; x_wconf 74' lang='grc' dir='ltr'>αἰώνων</span> <span class='ocrx_word' id='word_1_605' title='bbox 3854 4107 3867 4118; x_wconf 76' lang='grc' dir='ltr'><strong>ο</strong></span> <span class='ocrx_word' id='word_1_606' title='bbox 3896 4091 4030 4159; x_wconf 66' lang='grc' dir='ltr'>αῦτη</span> 
     </span>
    </p>
   </div>
   <div class='ocr_carea' id='block_1_88' title="bbox 2439 4163 4032 4249">
    <p class='ocr_par' dir='ltr' id='par_1_88' title="bbox 2439 4163 4032 4249">
     <span class='ocr_line' id='line_1_88' title="bbox 2439 4163 4032 4249; baseline 0.013 -34"><span class='ocrx_word' id='word_1_607' title='bbox 2439 4163 2547 4217; x_wconf 85' lang='grc' dir='ltr'>τῶν</span> <span class='ocrx_word' id='word_1_608' title='bbox 2578 4165 2739 4218; x_wconf 85' lang='grc' dir='ltr'>Θείων</span> <span class='ocrx_word' id='word_1_609' title='bbox 2767 4168 3086 4239; x_wconf 81' lang='grc' dir='ltr'>χρησμῶνή</span> <span class='ocrx_word' id='word_1_610' title='bbox 3114 4173 3347 4235; x_wconf 82' lang='grc' dir='ltr'>κορωνίς</span> <span class='ocrx_word' id='word_1_611' title='bbox 3372 4189 3385 4202; x_wconf 76' lang='grc'><strong>⁸</strong></span> <span class='ocrx_word' id='word_1_612' title='bbox 3422 4175 3581 4229; x_wconf 75' lang='grc' dir='ltr'>τοῦτο</span> <span class='ocrx_word' id='word_1_613' title='bbox 3607 4180 3637 4245; x_wconf 82' lang='grc' dir='ltr'>ἡ</span> <span class='ocrx_word' id='word_1_614' title='bbox 3667 4178 3910 4249; x_wconf 66' lang='grc' dir='ltr'>ἇρῥητος</span> <span class='ocrx_word' id='word_1_615' title='bbox 3947 4188 4032 4235; x_wconf 73' lang='lat' dir='ltr'><strong>x2&quot;.</strong></span> 
     </span>
    </p>
   </div>
   <div class='ocr_carea' id='block_1_89' title="bbox 2445 4256 4032 4343">
    <p class='ocr_par' dir='ltr' id='par_1_89' title="bbox 2445 4256 4032 4343">
     <span class='ocr_line' id='line_1_89' title="bbox 2445 4256 4032 4343; baseline 0.013 -36"><span class='ocrx_word' id='word_1_616' title='bbox 2445 4256 2878 4325; x_wconf 83' lang='grc' dir='ltr'>ύπεράγνωστος</span> <span class='ocrx_word' id='word_1_617' title='bbox 2933 4260 3034 4328; x_wconf 78' lang='grc' dir='ltr'>τῆς</span> <span class='ocrx_word' id='word_1_618' title='bbox 3082 4265 3432 4334; x_wconf 81' lang='grc' dir='ltr'>προανάρχου</span> <span class='ocrx_word' id='word_1_619' title='bbox 3467 4270 3595 4338; x_wconf 68' lang='grc' dir='ltr'>περὶ</span> <span class='ocrx_word' id='word_1_620' title='bbox 3622 4273 3711 4322; x_wconf 78' lang='grc' dir='ltr'><strong>τὸν</strong></span> <span class='ocrx_word' id='word_1_621' title='bbox 3748 4273 4032 4343; x_wconf 68' lang='grc' dir='ltr'>ἄνθρωπε-λ</span> 
     </span>
    </p>
   </div>
   <div class='ocr_carea' id='block_1_90' title="bbox 2443 4347 4031 4433">
    <p class='ocr_par' dir='ltr' id='par_1_90' title="bbox 2443 4347 4031 4433">
     <span class='ocr_line' id='line_1_90' title="bbox 2443 4347 4031 4433; baseline 0.014 -35"><span class='ocrx_word' id='word_1_622' title='bbox 2443 4347 2776 4417; x_wconf 72' lang='grc' dir='ltr'>κηδεμονίας</span> <span class='ocrx_word' id='word_1_623' title='bbox 2801 4349 2994 4420; x_wconf 85' lang='grc' dir='ltr'>βουλή·</span> <span class='ocrx_word' id='word_1_624' title='bbox 3022 4355 3183 4407; x_wconf 81' lang='grc' dir='ltr'>τοῦτο</span> <span class='ocrx_word' id='word_1_625' title='bbox 3221 4358 3253 4426; x_wconf 79' lang='grc' dir='ltr'>ἡ</span> <span class='ocrx_word' id='word_1_626' title='bbox 3286 4358 3509 4429; x_wconf 80' lang='grc' dir='ltr'>ἀπαρχὴ</span> <span class='ocrx_word' id='word_1_627' title='bbox 3540 4361 3637 4428; x_wconf 73' lang='grc' dir='ltr'>τῆς</span> <span class='ocrx_word' id='word_1_628' title='bbox 3682 4365 3820 4433; x_wconf 65' lang='grc' dir='ltr'>πρὸς</span> <span class='ocrx_word' id='word_1_629' title='bbox 3874 4369 3933 4419; x_wconf 83' lang='grc' dir='ltr'>τὸ</span> <span class='ocrx_word' id='word_1_630' title='bbox 3961 4373 4031 4420; x_wconf 71' lang='grc' dir='ltr'><strong>οξ-</strong></span> 
     </span>
    </p>
   </div>
   <div class='ocr_carea' id='block_1_91' title="bbox 2445 4440 4030 4519">
    <p class='ocr_par' dir='ltr' id='par_1_91' title="bbox 2445 4440 4030 4519">
     <span class='ocr_line' id='line_1_91' title="bbox 2445 4440 4030 4519; baseline 0.013 -28"><span class='ocrx_word' id='word_1_631' title='bbox 2445 4443 2591 4493; x_wconf 82' lang='grc' dir='ltr'>κεῖον</span> <span class='ocrx_word' id='word_1_632' title='bbox 2625 4440 2850 4511; x_wconf 78' lang='grc' dir='ltr'>πλάσμα</span> <span class='ocrx_word' id='word_1_633' title='bbox 2900 4444 2995 4497; x_wconf 80' lang='grc' dir='ltr'>τοῦ</span> <span class='ocrx_word' id='word_1_634' title='bbox 3042 4450 3385 4515; x_wconf 81' lang='grc' dir='ltr'>παγγενέτου</span> <span class='ocrx_word' id='word_1_635' title='bbox 3449 4450 3585 4507; x_wconf 76' lang='grc' dir='ltr'>Θεοῦ</span> <span class='ocrx_word' id='word_1_636' title='bbox 3614 4457 3907 4519; x_wconf 79' lang='grc' dir='ltr'>κοινωνίας</span> <span class='ocrx_word' id='word_1_637' title='bbox 3947 4462 4030 4511; x_wconf 71' lang='grc' dir='ltr'><strong>καὶ</strong></span> 
     </span>
    </p>
   </div>
   <div class='ocr_carea' id='block_1_92' title="bbox 749 4512 2333 4611">
    <p class='ocr_par' dir='ltr' id='par_1_92' title="bbox 749 4512 2333 4585">
     <span class='ocr_line' id='line_1_92' title="bbox 749 4512 2333 4585; baseline 0.005 -15"><span class='ocrx_word' id='word_1_638' title='bbox 749 4533 869 4571; x_wconf 91' lang='lat' dir='ltr'><strong>rum</strong></span> <span class='ocrx_word' id='word_1_639' title='bbox 920 4516 1275 4572; x_wconf 89' lang='lat' dir='ltr'><strong>conditorum</strong></span> <span class='ocrx_word' id='word_1_640' title='bbox 1334 4532 1365 4571; x_wconf 90' lang='lat' dir='ltr'><strong>a</strong></span> <span class='ocrx_word' id='word_1_641' title='bbox 1425 4517 1535 4572; x_wconf 88' lang='lat' dir='ltr'><strong>Deo</strong></span> <span class='ocrx_word' id='word_1_642' title='bbox 1579 4512 1884 4585; x_wconf 75' lang='lat' dir='ltr'><strong>terminus;</strong></span> <span class='ocrx_word' id='word_1_643' title='bbox 1945 4522 2059 4578; x_wconf 65' lang='lat' dir='ltr'><strong>hare</strong></span> <span class='ocrx_word' id='word_1_644' title='bbox 2119 4527 2333 4578; x_wconf 80' lang='lat' dir='ltr'><strong>coronis</strong></span> 
     </span>
    </p>
   </div>
   <div class='ocr_carea' id='block_1_93' title="bbox 2437 4512 4029 4611">
    <p class='ocr_par' dir='ltr' id='par_1_93' title="bbox 2449 4531 4029 4611">
     <span class='ocr_line' id='line_1_93' title="bbox 2449 4531 4029 4611; baseline 0.013 -31"><span class='ocrx_word' id='word_1_645' title='bbox 2449 4532 2724 4599; x_wconf 78' lang='grc' dir='ltr'>συμφυΐας</span> <span class='ocrx_word' id='word_1_646' title='bbox 2746 4549 2759 4563; x_wconf 89' lang='grc'><strong>·</strong></span> <span class='ocrx_word' id='word_1_647' title='bbox 2798 4531 2939 4602; x_wconf 69' lang='grc' dir='ltr'>αὕτη</span> <span class='ocrx_word' id='word_1_648' title='bbox 2969 4534 3077 4585; x_wconf 77' lang='grc' dir='ltr'>τῶν</span> <span class='ocrx_word' id='word_1_649' title='bbox 3104 4537 3262 4589; x_wconf 87' lang='grc' dir='ltr'>Θείων</span> <span class='ocrx_word' id='word_1_650' title='bbox 3286 4540 3645 4606; x_wconf 76' lang='grc' dir='ltr'>καταλλαγῶν</span> <span class='ocrx_word' id='word_1_651' title='bbox 3670 4546 3702 4611; x_wconf 79' lang='grc' dir='ltr'>ἡ</span> <span class='ocrx_word' id='word_1_652' title='bbox 3733 4546 4029 4600; x_wconf 75' lang='grc' dir='ltr'>ὲνυπόττα-</span> 
     </span>
    </p>
   </div>
   <div class='ocr_carea' id='block_1_94' title="bbox 748 4610 2341 4684">
    <p class='ocr_par' dir='ltr' id='par_1_94' title="bbox 748 4610 2341 4684">
     <span class='ocr_line' id='line_1_94' title="bbox 748 4610 2341 4684; baseline 0.005 -22"><span class='ocrx_word' id='word_1_653' title='bbox 748 4612 1104 4665; x_wconf 87' lang='lat' dir='ltr'><strong>oraculorum</strong></span> <span class='ocrx_word' id='word_1_654' title='bbox 1152 4610 1497 4675; x_wconf 82' lang='lat' dir='ltr'><strong>divinorum;</strong></span> <span class='ocrx_word' id='word_1_655' title='bbox 1559 4611 1662 4666; x_wconf 88' lang='lat' dir='ltr'><strong>hoc</strong></span> <span class='ocrx_word' id='word_1_656' title='bbox 1722 4628 1985 4667; x_wconf 83' lang='lat' dir='ltr'><strong>arcanum</strong></span> <span class='ocrx_word' id='word_1_657' title='bbox 2059 4616 2341 4684; x_wconf 86' lang='lat' dir='ltr'><strong>ignotissi-</strong></span> 
     </span>
    </p>
   </div>
   <div class='ocr_carea' id='block_1_95' title="bbox 749 4700 2338 4775">
    <p class='ocr_par' dir='ltr' id='par_1_95' title="bbox 749 4700 2338 4775">
     <span class='ocr_line' id='line_1_95' title="bbox 749 4700 2338 4775; baseline 0.004 -22"><span class='ocrx_word' id='word_1_658' title='bbox 749 4717 1035 4771; x_wconf 74' lang='lat' dir='ltr'><strong>mumque,</strong></span> <span class='ocrx_word' id='word_1_659' title='bbox 1077 4711 1411 4770; x_wconf 64' lang='lat' dir='ltr'><strong>praeteternze</strong></span> <span class='ocrx_word' id='word_1_660' title='bbox 1442 4700 1534 4755; x_wconf 87' lang='lat' dir='ltr'><strong>Dei</strong></span> <span class='ocrx_word' id='word_1_661' title='bbox 1575 4703 1629 4755; x_wconf 92' lang='lat' dir='ltr'><strong>in</strong></span> <span class='ocrx_word' id='word_1_662' title='bbox 1675 4703 1958 4756; x_wconf 89' lang='lat' dir='ltr'><strong>hominum</strong></span> <span class='ocrx_word' id='word_1_663' title='bbox 1999 4721 2173 4775; x_wconf 85' lang='lat' dir='ltr'><strong>genus</strong></span> <span class='ocrx_word' id='word_1_664' title='bbox 2203 4721 2338 4760; x_wconf 89' lang='lat' dir='ltr'><strong>con-</strong></span> 
     </span>
    </p>
   </div>
   <div class='ocr_carea' id='block_1_96' title="bbox 749 4793 2340 4861">
    <p class='ocr_par' dir='ltr' id='par_1_96' title="bbox 749 4793 2340 4861">
     <span class='ocr_line' id='line_1_96' title="bbox 749 4793 2340 4861; baseline 0.002 -15"><span class='ocrx_word' id='word_1_665' title='bbox 749 4794 979 4857; x_wconf 80' lang='lat' dir='ltr'><strong>silium;</strong></span> <span class='ocrx_word' id='word_1_666' title='bbox 1036 4794 1117 4846; x_wconf 74' lang='lat' dir='ltr'><strong>lue</strong></span> <span class='ocrx_word' id='word_1_667' title='bbox 1176 4793 1439 4861; x_wconf 75' lang='lat' dir='ltr'><strong>primitia:</strong></span> <span class='ocrx_word' id='word_1_668' title='bbox 1498 4793 1906 4848; x_wconf 86' lang='lat' dir='ltr'><strong>communionis</strong></span> <span class='ocrx_word' id='word_1_669' title='bbox 1970 4798 2340 4851; x_wconf 77' lang='lat' dir='ltr'><strong>neCessitudi-</strong></span> 
     </span>
    </p>
   </div>
   <div class='ocr_carea' id='block_1_97' title="bbox 748 4884 2339 4959">
    <p class='ocr_par' dir='ltr' id='par_1_97' title="bbox 748 4884 2339 4959">
     <span class='ocr_line' id='line_1_97' title="bbox 748 4884 2339 4959; baseline 0.001 -20"><span class='ocrx_word' id='word_1_670' title='bbox 748 4888 943 4953; x_wconf 90' lang='lat' dir='ltr'><strong>nisque</strong></span> <span class='ocrx_word' id='word_1_671' title='bbox 986 4884 1235 4937; x_wconf 88' lang='lat' dir='ltr'><strong>omnium</strong></span> <span class='ocrx_word' id='word_1_672' title='bbox 1293 4884 1611 4937; x_wconf 83' lang='lat' dir='ltr'><strong>conditoris</strong></span> <span class='ocrx_word' id='word_1_673' title='bbox 1654 4884 1747 4936; x_wconf 89' lang='lat' dir='ltr'><strong>Dei</strong></span> <span class='ocrx_word' id='word_1_674' title='bbox 1795 4886 1863 4938; x_wconf 90' lang='lat' dir='ltr'><strong>ad</strong></span> <span class='ocrx_word' id='word_1_675' title='bbox 1902 4889 2187 4957; x_wconf 88' lang='lat' dir='ltr'><strong>pr0prium</strong></span> <span class='ocrx_word' id='word_1_676' title='bbox 2241 4889 2339 4959; x_wconf 86' lang='lat' dir='ltr'><strong>fig-</strong></span> 
     </span>
    </p>
   </div>
   <div class='ocr_carea' id='block_1_98' title="bbox 746 4975 2330 5039">
    <p class='ocr_par' dir='ltr' id='par_1_98' title="bbox 746 4975 2330 5039">
     <span class='ocr_line' id='line_1_98' title="bbox 746 4975 2330 5039; baseline 0.006 -11"><span class='ocrx_word' id='word_1_677' title='bbox 746 4988 1032 5039; x_wconf 86' lang='lat' dir='ltr'><strong>mentum;</strong></span> <span class='ocrx_word' id='word_1_678' title='bbox 1067 4975 1183 5029; x_wconf 66' lang='lat' dir='ltr'><strong>haec</strong></span> <span class='ocrx_word' id='word_1_679' title='bbox 1229 4975 1550 5029; x_wconf 86' lang='lat' dir='ltr'><strong>divinorum</strong></span> <span class='ocrx_word' id='word_1_680' title='bbox 1595 4983 1983 5032; x_wconf 88' lang='lat' dir='ltr'><strong>contractuum</strong></span> <span class='ocrx_word' id='word_1_681' title='bbox 2015 4980 2330 5037; x_wconf 81' lang='lat' dir='ltr'><strong>subsistens</strong></span> 
     </span>
    </p>
   </div>
   <div class='ocr_carea' id='block_1_99' title="bbox 745 5066 2332 5141">
    <p class='ocr_par' dir='ltr' id='par_1_99' title="bbox 745 5066 2332 5141">
     <span class='ocr_line' id='line_1_99' title="bbox 745 5066 2332 5141; baseline 0.008 -25"><span class='ocrx_word' id='word_1_682' title='bbox 745 5081 988 5135; x_wconf 79' lang='lat' dir='ltr'><strong>veraque</strong></span> <span class='ocrx_word' id='word_1_683' title='bbox 1046 5066 1298 5133; x_wconf 85' lang='lat' dir='ltr'><strong>sponsio,</strong></span> <span class='ocrx_word' id='word_1_684' title='bbox 1359 5066 1565 5121; x_wconf 75' lang='lat' dir='ltr'><strong>eximia</strong></span> <span class='ocrx_word' id='word_1_685' title='bbox 1616 5068 1995 5137; x_wconf 88' lang='lat' dir='ltr'><strong>pulchritudo.</strong></span> <span class='ocrx_word' id='word_1_686' title='bbox 2054 5073 2332 5141; x_wconf 89' lang='lat' dir='ltr'><strong>sculptaa</strong></span> 
     </span>
    </p>
   </div>
   <div class='ocr_carea' id='block_1_100' title="bbox 745 5156 2332 5230">
    <p class='ocr_par' dir='ltr' id='par_1_100' title="bbox 745 5156 2332 5230">
     <span class='ocr_line' id='line_1_100' title="bbox 745 5156 2332 5230; baseline 0.004 -22"><span class='ocrx_word' id='word_1_687' title='bbox 745 5156 856 5210; x_wconf 84' lang='lat' dir='ltr'><strong>Deo</strong></span> <span class='ocrx_word' id='word_1_688' title='bbox 923 5165 1129 5220; x_wconf 77' lang='lat' dir='ltr'><strong>Statua,</strong></span> <span class='ocrx_word' id='word_1_689' title='bbox 1185 5156 1355 5211; x_wconf 89' lang='lat' dir='ltr'><strong>divini</strong></span> <span class='ocrx_word' id='word_1_690' title='bbox 1420 5159 1703 5228; x_wconf 83' lang='lat' dir='ltr'><strong>archetypi</strong></span> <span class='ocrx_word' id='word_1_691' title='bbox 1773 5161 1998 5229; x_wconf 79' lang='lat' dir='ltr'><strong>egregie</strong></span> <span class='ocrx_word' id='word_1_692' title='bbox 2071 5177 2332 5230; x_wconf 75' lang='lat' dir='ltr'><strong>expressa</strong></span> 
     </span>
    </p>
   </div>
   <div class='ocr_carea' id='block_1_101' title="bbox 747 5249 2331 5320">
    <p class='ocr_par' dir='ltr' id='par_1_101' title="bbox 747 5249 2331 5320">
     <span class='ocr_line' id='line_1_101' title="bbox 747 5249 2331 5320; baseline 0.004 -19"><span class='ocrx_word' id='word_1_693' title='bbox 747 5250 952 5318; x_wconf 83' lang='lat' dir='ltr'><strong>imago,</strong></span> <span class='ocrx_word' id='word_1_694' title='bbox 983 5249 1158 5302; x_wconf 87' lang='lat' dir='ltr'><strong>totius</strong></span> <span class='ocrx_word' id='word_1_695' title='bbox 1202 5249 1699 5319; x_wconf 88' lang='lat' dir='ltr'><strong>contemplationis</strong></span> <span class='ocrx_word' id='word_1_696' title='bbox 1757 5261 1921 5320; x_wconf 87' lang='lat' dir='ltr'><strong>atque</strong></span> <span class='ocrx_word' id='word_1_697' title='bbox 1962 5266 2234 5309; x_wconf 83' lang='lat' dir='ltr'><strong>ascensus</strong></span> <span class='ocrx_word' id='word_1_698' title='bbox 2263 5254 2331 5308; x_wconf 86' lang='lat' dir='ltr'><strong>ad</strong></span> 
     </span>
    </p>
   </div>
   <div class='ocr_carea' id='block_1_102' title="bbox 742 5338 2336 5405">
    <p class='ocr_par' dir='ltr' id='par_1_102' title="bbox 742 5338 2336 5405">
     <span class='ocr_line' id='line_1_102' title="bbox 742 5338 2336 5405; baseline 0.004 -12"><span class='ocrx_word' id='word_1_699' title='bbox 742 5342 927 5393; x_wconf 80' lang='lat' dir='ltr'><strong>divina</strong></span> <span class='ocrx_word' id='word_1_700' title='bbox 994 5338 1412 5405; x_wconf 80' lang='lat' dir='ltr'><strong>fulcimentum,</strong></span> <span class='ocrx_word' id='word_1_701' title='bbox 1450 5340 1736 5396; x_wconf 86' lang='lat' dir='ltr'><strong>Creatoris</strong></span> <span class='ocrx_word' id='word_1_702' title='bbox 1782 5343 2029 5398; x_wconf 87' lang='lat' dir='ltr'><strong>omnium</strong></span> <span class='ocrx_word' id='word_1_703' title='bbox 2071 5348 2336 5400; x_wconf 88' lang='lat' dir='ltr'><strong>taberna-</strong></span> 
     </span>
    </p>
   </div>
   <div class='ocr_carea' id='block_1_103' title="bbox 744 5432 2336 5504">
    <p class='ocr_par' dir='ltr' id='par_1_103' title="bbox 744 5432 2336 5504">
     <span class='ocr_line' id='line_1_103' title="bbox 744 5432 2336 5504; baseline 0.004 -18"><span class='ocrx_word' id='word_1_704' title='bbox 744 5433 933 5486; x_wconf 92' lang='lat' dir='ltr'><strong>culum</strong></span> <span class='ocrx_word' id='word_1_705' title='bbox 968 5432 1413 5495; x_wconf 89' lang='lat' dir='ltr'><strong>sanctissimum,</strong></span> <span class='ocrx_word' id='word_1_706' title='bbox 1459 5434 1865 5489; x_wconf 86' lang='lat' dir='ltr'><strong>inevacuahilis</strong></span> <span class='ocrx_word' id='word_1_707' title='bbox 1893 5437 2182 5504; x_wconf 67' lang='lat' dir='ltr'><strong>sapientiae</strong></span> <span class='ocrx_word' id='word_1_708' title='bbox 2210 5454 2336 5492; x_wconf 86' lang='lat' dir='ltr'><strong>cra-</strong></span> 
     </span>
    </p>
   </div>
   <div class='ocr_carea' id='block_1_104' title="bbox 745 5524 2337 5594">
    <p class='ocr_par' dir='ltr' id='par_1_104' title="bbox 745 5524 2337 5594">
     <span class='ocr_line' id='line_1_104' title="bbox 745 5524 2337 5594; baseline 0.006 -17"><span class='ocrx_word' id='word_1_709' title='bbox 745 5537 846 5584; x_wconf 80' lang='lat' dir='ltr'><strong>ter.</strong></span> <span class='ocrx_word' id='word_1_710' title='bbox 892 5524 1061 5576; x_wconf 86' lang='lat' dir='ltr'><strong>Deum</strong></span> <span class='ocrx_word' id='word_1_711' title='bbox 1108 5527 1497 5594; x_wconf 85' lang='lat' dir='ltr'><strong>conceptaculi</strong></span> <span class='ocrx_word' id='word_1_712' title='bbox 1550 5528 1725 5581; x_wconf 87' lang='lat' dir='ltr'><strong>instar</strong></span> <span class='ocrx_word' id='word_1_713' title='bbox 1768 5531 2127 5591; x_wconf 86' lang='lat' dir='ltr'><strong>suscipiens:</strong></span> <span class='ocrx_word' id='word_1_714' title='bbox 2166 5532 2337 5587; x_wconf 79' lang='lat' dir='ltr'><strong>invio-</strong></span> 
     </span>
    </p>
   </div>
   <div class='ocr_carea' id='block_1_105' title="bbox 746 5618 2337 5691">
    <p class='ocr_par' dir='ltr' id='par_1_105' title="bbox 746 5618 2337 5691">
     <span class='ocr_line' id='line_1_105' title="bbox 746 5618 2337 5691; baseline 0.008 -22"><span class='ocrx_word' id='word_1_715' title='bbox 746 5618 908 5670; x_wconf 66' lang='lat' dir='ltr'><strong>labile</strong></span> <span class='ocrx_word' id='word_1_716' title='bbox 958 5618 1082 5670; x_wconf 77' lang='lat' dir='ltr'><strong>vitae</strong></span> <span class='ocrx_word' id='word_1_717' title='bbox 1143 5633 1309 5685; x_wconf 82' lang='lat' dir='ltr'><strong>penu,</strong></span> <span class='ocrx_word' id='word_1_718' title='bbox 1405 5620 1723 5675; x_wconf 91' lang='lat' dir='ltr'><strong>divinorum</strong></span> <span class='ocrx_word' id='word_1_719' title='bbox 1786 5622 2148 5691; x_wconf 84' lang='lat' dir='ltr'><strong>splendorum</strong></span> <span class='ocrx_word' id='word_1_720' title='bbox 2210 5625 2337 5682; x_wconf 87' lang='lat' dir='ltr'><strong>fons</strong></span> 
     </span>
    </p>
   </div>
   <div class='ocr_carea' id='block_1_106' title="bbox 841 5776 1342 5845">
    <p class='ocr_par' dir='ltr' id='par_1_106' title="bbox 841 5776 1342 5845">
     <span class='ocr_line' id='line_1_106' title="bbox 841 5776 1342 5845; baseline -0.004 -14"><span class='ocrx_word' id='word_1_721' title='bbox 841 5778 859 5808; x_wconf 88' lang='grc'><strong><em>³</em></strong></span> <span class='ocrx_word' id='word_1_722' title='bbox 896 5776 1059 5832; x_wconf 83' lang='lat' dir='ltr'><strong>Cant.</strong></span> <span class='ocrx_word' id='word_1_723' title='bbox 1102 5794 1138 5845; x_wconf 91' lang='lat' dir='ltr'><strong>I,</strong></span> <span class='ocrx_word' id='word_1_724' title='bbox 1194 5789 1240 5832; x_wconf 85' lang='lat' dir='ltr'><strong>el</strong></span> <span class='ocrx_word' id='word_1_725' title='bbox 1271 5794 1342 5835; x_wconf 71' lang='grc' dir='ltr'>γι,</span> 
     </span>
    </p>
   </div>
   <div class='ocr_carea' id='block_1_107' title="bbox 2440 4625 4022 4703">
    <p class='ocr_par' dir='ltr' id='par_1_107' title="bbox 2440 4625 4022 4703">
     <span class='ocr_line' id='line_1_107' title="bbox 2440 4625 4022 4703; baseline 0.013 -30"><span class='ocrx_word' id='word_1_726' title='bbox 2440 4640 2530 4685; x_wconf 81' lang='grc' dir='ltr'><strong>τος</strong></span> <span class='ocrx_word' id='word_1_727' title='bbox 2561 4625 2737 4691; x_wconf 78' lang='grc' dir='ltr'>ἐγγύη</span> <span class='ocrx_word' id='word_1_728' title='bbox 2762 4626 2877 4676; x_wconf 72' lang='grc' dir='ltr'>σετὺ</span> <span class='ocrx_word' id='word_1_729' title='bbox 2909 4627 3226 4697; x_wconf 77' lang='grc' dir='ltr'>περιούσιον</span> <span class='ocrx_word' id='word_1_730' title='bbox 3256 4630 3452 4693; x_wconf 83' lang='grc' dir='ltr'>κάλλος</span> <span class='ocrx_word' id='word_1_731' title='bbox 3473 4648 3485 4661; x_wconf 81' lang='grc'><strong><em>⁸</em></strong></span> <span class='ocrx_word' id='word_1_732' title='bbox 3516 4634 3544 4685; x_wconf 92' lang='lat'><strong>6</strong></span> <span class='ocrx_word' id='word_1_733' title='bbox 3572 4633 3911 4703; x_wconf 78' lang='grc' dir='ltr'>θεὸγλυπτος</span> <span class='ocrx_word' id='word_1_734' title='bbox 3941 4644 4022 4693; x_wconf 77' lang='grc' dir='ltr'>αν·</span> 
     </span>
    </p>
   </div>
   <div class='ocr_carea' id='block_1_108' title="bbox 2438 4714 4025 4794">
    <p class='ocr_par' dir='ltr' id='par_1_108' title="bbox 2438 4714 4025 4794">
     <span class='ocr_line' id='line_1_108' title="bbox 2438 4714 4025 4794; baseline 0.011 -28"><span class='ocrx_word' id='word_1_735' title='bbox 2438 4714 2592 4783; x_wconf 76' lang='grc' dir='ltr'>δριάς</span> <span class='ocrx_word' id='word_1_736' title='bbox 2615 4730 2627 4743; x_wconf 73' lang='grc'><strong>⁸</strong></span> <span class='ocrx_word' id='word_1_737' title='bbox 2662 4718 2694 4784; x_wconf 78' lang='grc' dir='ltr'><strong>ἡ</strong></span> <span class='ocrx_word' id='word_1_738' title='bbox 2728 4716 3244 4790; x_wconf 72' lang='grc' dir='ltr'>εύδιάγραπτοςτῆς</span> <span class='ocrx_word' id='word_1_739' title='bbox 3276 4722 3430 4786; x_wconf 82' lang='grc' dir='ltr'>Θείας</span> <span class='ocrx_word' id='word_1_740' title='bbox 3446 4725 3789 4794; x_wconf 74' lang='grc' dir='ltr'>ἀρχετυπῐας</span> <span class='ocrx_word' id='word_1_741' title='bbox 3832 4734 3989 4783; x_wconf 69' lang='grc' dir='ltr'>εἰκὼν</span> <span class='ocrx_word' id='word_1_742' title='bbox 4012 4751 4025 4761; x_wconf 88' lang='grc'><strong>·</strong></span> 
     </span>
    </p>
   </div>
   <div class='ocr_carea' id='block_1_109' title="bbox 2439 4804 4026 4890">
    <p class='ocr_par' dir='ltr' id='par_1_109' title="bbox 2439 4804 4026 4890">
     <span class='ocr_line' id='line_1_109' title="bbox 2439 4804 4026 4890; baseline 0.01 -35"><span class='ocrx_word' id='word_1_743' title='bbox 2439 4804 2499 4856; x_wconf 65' lang='grc' dir='ltr'><strong>τε)</strong></span> <span class='ocrx_word' id='word_1_744' title='bbox 2525 4806 2703 4875; x_wconf 80' lang='grc' dir='ltr'>πάσης</span> <span class='ocrx_word' id='word_1_745' title='bbox 2734 4807 2971 4878; x_wconf 84' lang='grc' dir='ltr'>Θεωρίας</span> <span class='ocrx_word' id='word_1_746' title='bbox 2995 4811 3089 4862; x_wconf 73' lang='grc' dir='ltr'>καὶ</span> <span class='ocrx_word' id='word_1_747' title='bbox 3121 4812 3444 4877; x_wconf 77' lang='grc' dir='ltr'>ἀναϐάσεως</span> <span class='ocrx_word' id='word_1_748' title='bbox 3495 4815 3734 4885; x_wconf 71' lang='grc' dir='ltr'>ἔρεισμα</span> <span class='ocrx_word' id='word_1_749' title='bbox 3756 4836 3769 4849; x_wconf 93' lang='grc'><strong>·</strong></span> <span class='ocrx_word' id='word_1_750' title='bbox 3831 4824 3863 4890; x_wconf 82' lang='grc' dir='ltr'>ὴ</span> <span class='ocrx_word' id='word_1_751' title='bbox 3904 4840 4026 4874; x_wconf 81' lang='grc' dir='ltr'>παν-</span> 
     </span>
    </p>
   </div>
   <div class='ocr_carea' id='block_1_110' title="bbox 2440 4900 4026 4983">
    <p class='ocr_par' dir='ltr' id='par_1_110' title="bbox 2440 4900 4026 4983">
     <span class='ocr_line' id='line_1_110' title="bbox 2440 4900 4026 4983; baseline 0.011 -32"><span class='ocrx_word' id='word_1_752' title='bbox 2440 4900 2713 4968; x_wconf 75' lang='grc' dir='ltr'>αγεστάτη</span> <span class='ocrx_word' id='word_1_753' title='bbox 2742 4900 2835 4952; x_wconf 80' lang='grc' dir='ltr'>τοῦ</span> <span class='ocrx_word' id='word_1_754' title='bbox 2894 4905 3285 4957; x_wconf 74' lang='grc' dir='ltr'>παντοκτίστου</span> <span class='ocrx_word' id='word_1_755' title='bbox 3320 4901 3533 4978; x_wconf 56' lang='grc' dir='ltr'>σκηνήέ</span> <span class='ocrx_word' id='word_1_756' title='bbox 3576 4911 3606 4961; x_wconf 85' lang='grc' dir='ltr'><strong>ὁ</strong></span> <span class='ocrx_word' id='word_1_757' title='bbox 3664 4910 3911 4983; x_wconf 75' lang='grc' dir='ltr'>θεοδόχος</span> <span class='ocrx_word' id='word_1_758' title='bbox 3938 4918 4026 4982; x_wconf 69' lang='grc' dir='ltr'><strong>τῆς</strong></span> 
     </span>
    </p>
   </div>
   <div class='ocr_carea' id='block_1_111' title="bbox 2442 4989 4028 5075">
    <p class='ocr_par' dir='ltr' id='par_1_111' title="bbox 2442 4989 4028 5075">
     <span class='ocr_line' id='line_1_111' title="bbox 2442 4989 4028 5075; baseline -0.004 -22"><span class='ocrx_word' id='word_1_759' title='bbox 2442 4989 2718 5044; x_wconf 78' lang='grc' dir='ltr'><strong>ἀκενώτου</strong></span> <span class='ocrx_word' id='word_1_760' title='bbox 2748 4992 2937 5060; x_wconf 75' lang='grc' dir='ltr'>σοφίας</span> <span class='ocrx_word' id='word_1_761' title='bbox 2957 4996 3174 5065; x_wconf 75' lang='grc' dir='ltr'>κρατήρ</span> <span class='ocrx_word' id='word_1_762' title='bbox 3208 5013 3221 5025; x_wconf 83' lang='grc'><em>’</em></span> <span class='ocrx_word' id='word_1_763' title='bbox 3259 4997 3319 5047; x_wconf 80' lang='grc' dir='ltr'><strong>τὸ</strong></span> <span class='ocrx_word' id='word_1_764' title='bbox 3350 4998 3631 5053; x_wconf 81' lang='grc' dir='ltr'>ἁσύλωτον</span> <span class='ocrx_word' id='word_1_765' title='bbox 3650 5003 3751 5071; x_wconf 84' lang='grc' dir='ltr'><strong>τῆς</strong></span> <span class='ocrx_word' id='word_1_766' title='bbox 3774 5004 3923 5075; x_wconf 71' lang='grc' dir='ltr'>ζωῆς</span> <span class='ocrx_word' id='word_1_767' title='bbox 3946 5026 4028 5060; x_wconf 61' lang='grc' dir='ltr'><strong>τι-</strong></span> 
     </span>
    </p>
   </div>
   <div class='ocr_carea' id='block_1_112' title="bbox 2446 5085 4023 5167">
    <p class='ocr_par' dir='ltr' id='par_1_112' title="bbox 2446 5085 4023 5167">
     <span class='ocr_line' id='line_1_112' title="bbox 2446 5085 4023 5167; baseline 0.011 -34"><span class='ocrx_word' id='word_1_768' title='bbox 2446 5085 2598 5151; x_wconf 89' lang='grc' dir='ltr'>μεῖον</span> <span class='ocrx_word' id='word_1_769' title='bbox 2626 5101 2638 5114; x_wconf 90' lang='grc'><strong>·</strong></span> <span class='ocrx_word' id='word_1_770' title='bbox 2695 5085 2728 5153; x_wconf 81' lang='grc' dir='ltr'>ἡ</span> <span class='ocrx_word' id='word_1_771' title='bbox 2785 5085 3178 5151; x_wconf 73' lang='grc' dir='ltr'>ἁνεξάντλητος</span> <span class='ocrx_word' id='word_1_772' title='bbox 3231 5089 3338 5141; x_wconf 84' lang='grc' dir='ltr'>τῶν</span> <span class='ocrx_word' id='word_1_773' title='bbox 3370 5090 3532 5145; x_wconf 85' lang='grc' dir='ltr'>θείων</span> <span class='ocrx_word' id='word_1_774' title='bbox 3577 5096 4023 5167; x_wconf 66' lang='grc' dir='ltr'>ἀπαυγασματιιν,</span> 
     </span>
    </p>
   </div>
   <div class='ocr_carea' id='block_1_113' title="bbox 2444 5176 4023 5255">
    <p class='ocr_par' dir='ltr' id='par_1_113' title="bbox 2444 5176 4023 5255">
     <span class='ocr_line' id='line_1_113' title="bbox 2444 5176 4023 5255; baseline 0.015 -34"><span class='ocrx_word' id='word_1_775' title='bbox 2444 5177 2594 5246; x_wconf 77' lang='grc' dir='ltr'><strong>πηγή</strong></span> <span class='ocrx_word' id='word_1_776' title='bbox 2618 5192 2629 5205; x_wconf 91' lang='grc'><strong>·</strong></span> <span class='ocrx_word' id='word_1_777' title='bbox 2668 5176 2727 5228; x_wconf 79' lang='grc' dir='ltr'>τὸ</span> <span class='ocrx_word' id='word_1_778' title='bbox 2758 5177 3058 5231; x_wconf 86' lang='grc' dir='ltr'>ἀσάλευτον</span> <span class='ocrx_word' id='word_1_779' title='bbox 3108 5184 3309 5249; x_wconf 73' lang='grc' dir='ltr'>κράτος</span> <span class='ocrx_word' id='word_1_780' title='bbox 3354 5200 3367 5213; x_wconf 85' lang='grc'><strong>·</strong></span> <span class='ocrx_word' id='word_1_781' title='bbox 3392 5184 3504 5255; x_wconf 80' lang='grc' dir='ltr'><strong>ὅσῳ</strong></span> <span class='ocrx_word' id='word_1_782' title='bbox 3538 5189 3649 5249; x_wconf 83' lang='grc' dir='ltr'>τοῖς</span> <span class='ocrx_word' id='word_1_783' title='bbox 3682 5190 3913 5243; x_wconf 74' lang='grc' dir='ltr'>πάθεσιν</span> <span class='ocrx_word' id='word_1_784' title='bbox 3936 5196 4023 5245; x_wconf 68' lang='grc' dir='ltr'>οῦκ</span> 
     </span>
    </p>
   </div>
   <div class='ocr_carea' id='block_1_114' title="bbox 2446 5269 4024 5350">
    <p class='ocr_par' dir='ltr' id='par_1_114' title="bbox 2446 5269 4024 5350">
     <span class='ocr_line' id='line_1_114' title="bbox 2446 5269 4024 5350; baseline 0.013 -32"><span class='ocrx_word' id='word_1_785' title='bbox 2446 5269 2730 5335; x_wconf 78' lang='grc' dir='ltr'>ἐκρατεῖτο</span> <span class='ocrx_word' id='word_1_786' title='bbox 2765 5270 2983 5323; x_wconf 84' lang='grc' dir='ltr'>πάντων</span> <span class='ocrx_word' id='word_1_787' title='bbox 3021 5272 3400 5343; x_wconf 84' lang='grc' dir='ltr'>ὑπεραρθεῖσα</span> <span class='ocrx_word' id='word_1_788' title='bbox 3440 5280 3507 5346; x_wconf 77' lang='grc' dir='ltr'>τῇ</span> <span class='ocrx_word' id='word_1_789' title='bbox 3546 5280 3905 5350; x_wconf 72' lang='grc' dir='ltr'>καθαρότητι.</span> <span class='ocrx_word' id='word_1_790' title='bbox 3935 5288 4024 5337; x_wconf 66' lang='grc' dir='ltr'><strong>Διὶ</strong></span> 
     </span>
    </p>
   </div>
   <div class='ocr_carea' id='block_1_115' title="bbox 2440 5358 4019 5444">
    <p class='ocr_par' dir='ltr' id='par_1_115' title="bbox 2440 5358 4019 5444">
     <span class='ocr_line' id='line_1_115' title="bbox 2440 5358 4019 5444; baseline 0.013 -35"><span class='ocrx_word' id='word_1_791' title='bbox 2440 5358 2645 5429; x_wconf 83' lang='grc' dir='ltr'>ταύτης</span> <span class='ocrx_word' id='word_1_792' title='bbox 2668 5361 2801 5429; x_wconf 77' lang='grc' dir='ltr'>ἡμῖν</span> <span class='ocrx_word' id='word_1_793' title='bbox 2837 5362 3140 5434; x_wconf 81' lang='grc' dir='ltr'>ὡμηρεύθη</span> <span class='ocrx_word' id='word_1_794' title='bbox 3198 5367 3263 5419; x_wconf 70' lang='grc' dir='ltr'>τὰ</span> <span class='ocrx_word' id='word_1_795' title='bbox 3306 5368 3409 5436; x_wconf 75' lang='grc' dir='ltr'>τῆς</span> <span class='ocrx_word' id='word_1_796' title='bbox 3454 5371 3733 5439; x_wconf 79' lang='grc' dir='ltr'>σωτηρίας</span> <span class='ocrx_word' id='word_1_797' title='bbox 3768 5376 4019 5444; x_wconf 74' lang='grc' dir='ltr'>ἐνέχυρα·</span> 
     </span>
    </p>
   </div>
   <div class='ocr_carea' id='block_1_116' title="bbox 2442 5451 4023 5540">
    <p class='ocr_par' dir='ltr' id='par_1_116' title="bbox 2442 5451 4023 5540">
     <span class='ocr_line' id='line_1_116' title="bbox 2442 5451 4023 5540; baseline 0.012 -38"><span class='ocrx_word' id='word_1_798' title='bbox 2442 5453 2538 5503; x_wconf 76' lang='grc' dir='ltr'>καὶ</span> <span class='ocrx_word' id='word_1_799' title='bbox 2588 5451 2651 5503; x_wconf 82' lang='grc' dir='ltr'>τὸ</span> <span class='ocrx_word' id='word_1_800' title='bbox 2698 5453 2862 5523; x_wconf 80' lang='grc' dir='ltr'>μέχρι</span> <span class='ocrx_word' id='word_1_801' title='bbox 2906 5455 3111 5527; x_wconf 78' lang='grc' dir='ltr'>μέτρςυ</span> <span class='ocrx_word' id='word_1_802' title='bbox 3144 5458 3239 5510; x_wconf 82' lang='grc' dir='ltr'>τοῦ</span> <span class='ocrx_word' id='word_1_803' title='bbox 3274 5460 3395 5511; x_wconf 85' lang='grc' dir='ltr'>καθ’</span> <span class='ocrx_word' id='word_1_804' title='bbox 3438 5462 3584 5531; x_wconf 77' lang='grc' dir='ltr'>ἡμᾶς</span> <span class='ocrx_word' id='word_1_805' title='bbox 3619 5465 3907 5533; x_wconf 84' lang='grc' dir='ltr'>προελθεῖν</span> <span class='ocrx_word' id='word_1_806' title='bbox 3936 5472 4023 5540; x_wconf 74' lang='grc' dir='ltr'>τὴν</span> 
     </span>
    </p>
   </div>
   <div class='ocr_carea' id='block_1_117' title="bbox 2439 5540 4021 5627">
    <p class='ocr_par' dir='ltr' id='par_1_117' title="bbox 2439 5540 4021 5627">
     <span class='ocr_line' id='line_1_117' title="bbox 2439 5540 4021 5627; baseline 0.011 -34"><span class='ocrx_word' id='word_1_807' title='bbox 2439 5540 2583 5593; x_wconf 74' lang='grc' dir='ltr'>οὕτω</span> <span class='ocrx_word' id='word_1_808' title='bbox 2610 5542 3098 5615; x_wconf 80' lang='grc' dir='ltr'>τεθαυμασμένην,</span> <span class='ocrx_word' id='word_1_809' title='bbox 3138 5550 3231 5601; x_wconf 72' lang='grc' dir='ltr'>καὶ</span> <span class='ocrx_word' id='word_1_810' title='bbox 3258 5550 3319 5601; x_wconf 74' lang='grc' dir='ltr'><strong>τὸ</strong></span> <span class='ocrx_word' id='word_1_811' title='bbox 3354 5551 3534 5603; x_wconf 73' lang='grc' dir='ltr'>κοινὸν</span> <span class='ocrx_word' id='word_1_812' title='bbox 3568 5555 3828 5608; x_wconf 82' lang='grc' dir='ltr'>ἁποτίσαι</span> <span class='ocrx_word' id='word_1_813' title='bbox 3852 5561 4021 5627; x_wconf 77' lang='grc' dir='ltr'>χρέος,</span> 
     </span>
    </p>
   </div>
   <div class='ocr_carea' id='block_1_118' title="bbox 2440 5632 4023 5720">
    <p class='ocr_par' dir='ltr' id='par_1_118' title="bbox 2440 5632 4023 5720">
     <span class='ocr_line' id='line_1_118' title="bbox 2440 5632 4023 5720; baseline 0.013 -38"><span class='ocrx_word' id='word_1_814' title='bbox 2440 5633 2537 5701; x_wconf 80' lang='grc' dir='ltr'>τῆς</span> <span class='ocrx_word' id='word_1_815' title='bbox 2589 5632 2802 5703; x_wconf 77' lang='grc' dir='ltr'>φύσεως</span> <span class='ocrx_word' id='word_1_816' title='bbox 2862 5634 2993 5689; x_wconf 84' lang='grc' dir='ltr'>ῐδιον</span> <span class='ocrx_word' id='word_1_817' title='bbox 3027 5652 3041 5666; x_wconf 84' lang='grc'><em>’</em></span> <span class='ocrx_word' id='word_1_818' title='bbox 3075 5637 3135 5689; x_wconf 86' lang='grc' dir='ltr'>τὸ</span> <span class='ocrx_word' id='word_1_819' title='bbox 3174 5638 3230 5691; x_wconf 85' lang='grc' dir='ltr'><strong>δὲ</strong></span> <span class='ocrx_word' id='word_1_820' title='bbox 3263 5640 3338 5711; x_wconf 80' lang='grc' dir='ltr'>μὴ</span> <span class='ocrx_word' id='word_1_821' title='bbox 3379 5640 3554 5707; x_wconf 72' lang='grc' dir='ltr'>οὕτως</span> <span class='ocrx_word' id='word_1_822' title='bbox 3594 5644 3742 5715; x_wconf 72' lang='grc' dir='ltr'>ἔχειν</span> <span class='ocrx_word' id='word_1_823' title='bbox 3794 5648 3929 5720; x_wconf 76' lang='grc' dir='ltr'>αὐτῇ</span> <span class='ocrx_word' id='word_1_824' title='bbox 3962 5650 4023 5705; x_wconf 78' lang='grc' dir='ltr'>δι’</span> 
     </span>
    </p>
   </div>
  </div>
