4176 6448
208 472 351 536 1101

1213 480 1288 536 ΙΝ
1332 481 1869 539 ΟΟΗΜΙΤΙΟΝΕΜ
1903 482 1963 538 S.
2007 479 2292 538 MARLE.
2335 478 2449 534 ΙΙῘ.

3320 469 3450 532 HM

227 589 374 640 Ἐκεῖ
412 587 597 656 Πατὴρ
633 589 1038 656 προσκυνεῖται,
1080 587 1170 637 καὶ
1201 587 1324 648 Υἰος
1368 587 1673 652 δοξάζεται,
1697 590 1789 638 καὶ

1896 587 2243 656 l'onlcsjugis
2289 587 2430 645 vilic,
2480 585 2682 635 llucnta
2732 583 3006 636 manantis
3055 597 3081 632 τι
3133 581 3240 635 Deo
3293 583 3467 645 lucis.

216 678 440 746 Πνεῦμα
483 678 633 744 ἅγιον
685 678 1001 745 ἁνυμνεῖται
1036 691 1047 699 ·
1110 678 1142 742 ἡ
1175 676 1353 728 ένιαῐα
1391 677 1488 744 τῆς
1538 678 1667 745 μιᾶς
1723 679 1782 728 ὲν

215 767 405 834 Τριάδι
436 766 689 834 θεότητος
721 767 900 831 φύσις.
930 761 1165 814 Τοιαῦτα
1211 763 1350 814 δοκῶ
1384 779 1473 832 μοι
1500 766 1618 815 τότε
1661 765 1784 827 τοὺς

216 858 546 927 θεολήπτους
571 857 811 918 ἐκείνους
848 856 1049 925 ἄνδρας
1077 856 1169 905 καὶ
1199 854 1364 922 φάναι
1393 856 1487 908 καὶ
1522 856 1782 925 ὑμνῆσαι,

215 950 310 1000 καὶ
346 949 444 1000 ὅσα
473 948 681 1008 τούτοις
704 945 1164 1014 ὑπερανέστηκεν·
1199 944 1258 996 οὑ
1287 943 1392 1014 γὰρ
1424 939 1519 996 οἶδ’
1546 945 1573 996 ὃ
1612 961 1664 995 τι
1693 945 1786 996 καὶ

216 1040 379 1090 πλέον
422 1039 578 1101 είπω,
619 1039 691 1106 γῆ
727 1037 817 1088 καὶ
855 1036 1046 1096 σποδὸς
1097 1035 1379 1104 ὑπάρχων,
1427 1037 1520 1087 καὶ
1564 1035 1625 1087 τὸ
1665 1036 1787 1088 ὅλον

216 1129 446 1198 σαπρία,
485 1127 577 1180 καὶ
614 1127 706 1179 ίσα
726 1128 837 1187 τοῖς
868 1125 1055 1192 ὕφεσιν
1084 1127 1174 1177 ἐπὶ
1213 1125 1420 1178 κοιλίαν
1442 1125 1645 1196 ἕρπων.
1679 1126 1796 1198 Καί

219 1234 309 1285 μοι
336 1217 428 1268 τοῦ
462 1216 622 1282 λόγου
655 1213 811 1283 χρέος
841 1215 920 1275 είς
949 1212 1179 1281 δύναμιν
1220 1212 1418 1274 ίκανῶς
1448 1214 1784 1281 ἁφωσίωται,

219 1307 464 1376 μηδενὸς,
490 1302 666 1374 οἶμαι,
696 1303 1123 1373 παρεωραμένου
1149 1303 1254 1354 τῶν
1278 1305 1356 1366 είς
1374 1303 1470 1373 τὴν
1494 1303 1774 1373 παροῦσαν

217 1396 599 1448 συντεινόντων
634 1395 846 1463 ἑορτήν.
879 1393 991 1446 Καὶ
1028 1394 1080 1445 εί
1117 1410 1168 1445 τι
1205 1395 1415 1454 τούτοις
1447 1396 1788 1465 συνεισφέροι

215 1506 296 1550 τις
327 1488 675 1557 ὑψηλότερον,
707 1486 802 1536 καὶ
847 1486 979 1554 ἡμῖν
1020 1485 1177 1536 τοῦτο
1221 1485 1573 1554 συναγηοχὼς
1614 1486 1786 1546 ἔσται.

215 1580 310 1632 καλ
342 1583 408 1649 τῇ
440 1576 742 1645 πανηγύρει
775 1574 1059 1628 συνοίσων.
1090 1575 1280 1643 Μικρὰ
1317 1575 1373 1627 δὲ
1408 1575 1596 1639 εἰπὼν,
1625 1574 1787 1626 αὑτοῦ

214 1687 320 1722 που
342 1671 438 1740 τὴν
472 1670 708 1738 εἰρεσίαν
734 1666 827 1717 τοῦ
851 1665 1010 1731 λόγου
1034 1664 1408 1718 διαναπαύσω.
1437 1663 1542 1716 Τοῦ
1569 1665 1666 1731 μὲν
1695 1661 1789 1718 οῦν

215 1760 340 1812 κατ’
390 1759 568 1822 ἀξίαν,
616 1758 817 1825 ὁμοίως
853 1757 1054 1817 πάντες
1095 1754 1538 1821 ἀπολειπόμεθα·
1601 1755 1694 1806 τοῦ
1733 1755 1790 1807 δὲ

210 1850 315 1917 τὴν
354 1848 560 1900 ἑαυτῶν
605 1844 994 1914 ἐπιδεδειχέναι
1023 1846 1273 1913 δύναμιν,
1325 1843 1436 1896 ἴσον
1465 1844 1696 1896 ἑκάστου
1728 1845 1790 1895 τὸ

1888 675 2034 727 ﬂuvii
2087 677 2208 727 Vl\'0
2249 689 2464 742 semper
2522 673 2669 724 fonte
2715 671 2985 725 allluentis
3043 671 3287 723 luminis.
3342 671 3458 722 Illic.

1889 764 2010 817 ﬁnis
2047 775 2127 817 est
2175 764 2422 816 omnium
2453 763 2582 815 olim
2631 763 2684 813 in
2730 777 2827 829 spe
2869 763 3174 830 positorum
3202 798 3217 821 ,
3249 768 3304 812 et
3337 774 3459 828 quae

1888 857 2046 908 modo
2101 863 2420 924 sperantur,
2489 853 2793 922 complexio
2856 854 3102 905 omnium
3164 854 3455 915 bonorum,

1886 963 2075 1001 eorum
2115 947 2486 1001 manifestatio
2520 962 2639 1015 qua:
2665 947 2904 1007 occulta,
2951 961 3050 999 nec
3086 946 3190 1000 nisi
3229 947 3281 999 id
3321 955 3458 998 tam-

1888 1041 2038 1108 poris
2063 1039 2453 1108 conspicienda
2485 1052 2651 1092 sunt:
2698 1038 2822 1093 linis
2853 1039 3102 1100 ultimus,
3139 1040 3278 1091 ultra
3299 1053 3456 1107 quem

1889 1129 2020 1181 nihil
2061 1130 2285 1181 omnino
2321 1129 2424 1182 sil.
2460 1127 2573 1180 lllic
2628 1129 2888 1181 adorator
2936 1127 3115 1189 Pater,
3177 1136 3231 1181 et
3287 1127 3458 1180 Filius

1886 1219 2246 1286 gloriﬁcatur,
2274 1232 2337 1271 ac
2367 1217 2600 1271 canticis
2624 1202 2933 1270 celcbr‘atur
2958 1215 3195 1280 Spiritus
3215 1227 3458 1274 sanctus.

1889 1304 2167 1357 individua
2200 1305 2290 1356 illa
2322 1311 2516 1356 natura
2573 1305 2739 1356 unius
2792 1303 2844 1354 in
2894 1301 3163 1355 Trinitate
3214 1303 3456 1355 dcitatis.

1891 1394 2214 1463 llujusinodi
2263 1407 2412 1464 puto,
2446 1394 2706 1447 dicebant
2741 1394 3200 1461 celebrabantque
3237 1393 3336 1445 viri
3384 1394 3458 1444 illi

1890 1484 2002 1539 Deo
2034 1484 2232 1548 alllati,
2282 1493 2449 1552 atque
2495 1484 2562 1538 iis
2609 1484 2935 1538 sublimiora
2973 1500 2986 1534 :
3024 1497 3130 1534 non
3167 1483 3312 1534 enim
3347 1483 3462 1534 scio

1889 1576 2018 1645 quid
2054 1579 2289 1644 amplius
2318 1576 2518 1636 dicam,
2545 1575 2640 1643 qui
2681 1575 2784 1628 sim
2817 1586 2960 1627 terra
2989 1582 3042 1626 et
3075 1575 3236 1636 cinis,
3287 1588 3464 1626 inera-

1889 1682 1998 1735 que
2027 1667 2277 1734 putredo,
2304 1681 2368 1719 ac
2401 1667 2544 1718 velut
2578 1679 2802 1734 serpens
2850 1673 3038 1717 ventre
3073 1678 3279 1731 repam.
3317 1661 3465 1714 Satis

1891 1774 2022 1813 vero
2081 1773 2178 1827 pro
2228 1758 2372 1811 virili
2429 1757 2704 1812 sermonis
2753 1755 2936 1808 debito
2971 1755 3261 1808 defunctus
3298 1769 3460 1813 sum,

1894 1851 2062 1912 nullo,
2087 1857 2144 1901 ut
2167 1849 2425 1924 arbitror,
2482 1848 2714 1909 omisso,
2743 1860 2934 1900 earnm
2966 1859 3086 1912 quae
3117 1850 3366 1912 spectant
3396 1843 3463 1895 ad

213 1935 519 2004 πρόθυμον.
553 1935 774 1999 Δέξεται
799 1935 854 1986 δὲ
877 1933 1038 2002 ἡμῶν
1065 1932 1162 1985 καὶ
1189 1932 1398 1994 τοῦτον,
1443 1927 1502 1982 εὖ
1535 1927 1670 1995 οἶδα,
1697 1933 1785 1983 τὸν

1893 1943 2179 2010 ριέεειιιὶε
2215 1919 2324 1995 diei
2389 1940 2612 1994 festum.
2654 1939 2748 1992 Sin
2790 1938 2992 2006 aliquis
3029 1937 3322 1989 sublimius
3365 1919 3464 1986 ali-

216 2025 551 2096 βραχύτατον
575 2024 730 2091 λόγον
752 2026 785 2094 ἡ
823 2022 1056 2075 τεκοῦσα
1091 2023 1180 2073 τὸν
1214 2022 1370 2089 λόγον
1398 2038 1411 2049 ’
1457 2023 1550 2073 καὶ
1573 2021 1795 2074 amco.

215 2133 298 2168 σει
331 2117 427 2185 οὐχ
461 2116 562 2167 ὅσα
594 2114 694 2183 μὲν
728 2116 858 2176 ῐσως
898 2111 1181 2192 αἰτοῦμεν,
1215 2113 1315 2164 ὅσα
1351 2111 1407 2164 δὲ
1447 2113 1664 2176 πάντως
1702 2113 1796 2166 λα-

213 2209 332 2260 ϐεῖν
364 2211 533 2277 ἐσμεν
572 2205 732 2270 ἄξιοι.
763 2205 915 2257 Φιλεῖ
945 2204 1054 2273 γὰρ
1088 2205 1119 2272 ἡ
1158 2206 1421 2270 πανάγιος
1454 2203 1528 2265 ὼς
1558 2204 1793 2257 πολύδω-

215 2315 331 2369 ρος,
385 2299 482 2350 καὶ
533 2298 639 2348 τῶν
680 2295 1036 2366 βραχυτάτων
1085 2293 1409 2369 ἀνειδιδόναι
1448 2293 1516 2345 τὰ
1546 2293 1788 2362 μείζονα.

212 2361 323 2441 Καὶ
371 2385 472 2441 ὦδε
531 2389 628 2457 μὲν
680 2361 853 2441 ταῦτα
886 2387 1091 2456 ὲχὲτωο
1131 2361 1294 2460 ipsi;
1347 2385 1424 2450 δὲ,
1473 2379 1518 2437 ὦ
1552 2361 1787 2456 λαμπρὰ

213 2481 309 2532 καὶ
373 2479 818 2554 περιφανεστάτη
848 2477 1184 2546 Ῐπανήγυρις
1235 2473 1426 2545 (καλῶ
1473 2477 1580 2545 γὰρ
1629 2474 1783 2539 αόθις

213 2570 360 2638 ὑμᾶς
398 2571 535 2641 πρὸς
565 2570 626 2623 τὸ
661 2568 753 2622 τοῦ
783 2569 943 2636 λόγου
993 2567 1429 2637 συμπέρασμα),
1468 2567 1647 2637 δεῦρο,
1685 2567 1785 2636 τῆς

217 2660 368 2728 ἱερᾶς
405 2660 737 2729 προπομπῆς
767 2658 859 2711 τοῦ
883 2657 1216 2727 παρθενικοῦ
1241 2656 1488 2724 σώματος
1528 2657 1785 2727 προεξερ-

213 2766 421 2819 χοντες,
463 2749 679 2820 ᾄδωμεν
707 2749 1018 2818 έπικήδεια,
1060 2747 1156 2799 καὶ
1181 2749 1302 2808 ταῖς
1340 2749 1418 2810 είς
1460 2747 1688 2817 δύναμιν
1713 2765 1793 2800 τι-

217 2844 350 2910 μαῖς
391 2838 830 2910 στεφανώσωμεν
874 2841 974 2909 τῆς
1029 2829 1224 2910 ἑορτῆς
1280 2839 1378 2908 τὴν
1427 2839 1788 2909 ὲξάρχουσαν.

225 2933 317 2995 Ὦς
363 2933 429 2986 ἂν
462 2933 519 2985 δὲ
565 2932 724 2985 τοῦτο
767 2931 1230 3002 περιφανέστερον
1281 2935 1509 2998 γένοιτο,
1565 2933 1795 3001 παρή-τω

214 3026 370 3080 πᾶσα
413 3027 648 3097 σήμερον
684 3024 954 3095 οὐρανίων
1011 3025 1105 3076 καὶ
1158 3023 1416 3090 ἐπιγείων
1462 3025 1791 3094 πανήγυρις,

215 3120 311 3170 καὶ
349 3117 749 3188 συμπληρούτω
787 3133 875 3185 μοι
912 3115 1011 3184 τὴν
1048 3114 1249 3180 ἐξόδιον
1288 3113 1544 3184 ὓμνησιν,
1585 3117 1641 3166 ὲν
1668 3113 1791 3166 τοὺ-

212 3226 329 3273 ·τοις
363 3209 729 3280 συγκειμένην
765 3211 878 3270 τοῖς
916 3208 1174 3277 ῥήμασιν.

214 3308 422 3373 invito;
452 3308 656 3369 venite,
692 3320 756 3358 ac
784 3317 956 3360 sacrae
984 3301 1267 3377 virginalis
1293 3303 1541 3370 corporis
1612 3316 1820 3372 pompae

1890 2033 2019 2101 quid
2055 2035 2121 2086 ad
2151 2035 2261 2087 haec
2289 2033 2599 2097 contulerit,
2631 2039 2684 2085 et
2715 2031 2874 2084 nobis
2905 2028 3032 2083 illud
3066 2029 3373 2097 collegerit,
3412 2038 3466 2080 ct

1888 2123 2032 2192 quod
2060 2124 2360 2178 conventui
2404 2139 2465 2177 ac
2496 2121 2806 2177 celebritati
2842 2123 2976 2174 utile
3007 2122 3099 2175 sit.
3152 2119 3252 2173 Ubi
3301 2136 3464 2188 porro

1891 2229 2060 2282 pauca
2094 2215 2303 2279 dixero,
2336 2235 2363 2267 a
2390 2216 2663 2269 sermonis
2688 2215 2835 2268 velut
2865 2214 3091 2282 remigio
3121 2223 3174 2265 et
3200 2214 3465 2265 eoncioue

1868 2307 2141 2364 ,cessabo.
2179 2305 2443 2374 Equidem
2470 2307 2635 2358 simili
2667 2320 2858 2358 omnes
2879 2304 3089 2358 delectu
3126 2304 3462 2365 laboramus,

1895 2405 1950 2449 ut
1988 2411 2054 2450 ne
2086 2411 2183 2464 pro
2212 2396 2502 2466 dignitate,
2547 2397 2689 2465 quod
2723 2397 2797 2448 rei
2834 2403 2917 2450 est
2960 2396 3460 2449 celebraverimus:

1895 2496 1951 2541 nt
1981 2499 2162 2543 autem
2195 2488 2327 2557 quid
2354 2489 2590 2558 quisque
2627 2488 2804 2556 possit
2832 2486 3261 2548 ostenderimus,
3311 2502 3466 2554 ιιηιιθ

1895 2591 2139 2650 prompta
2175 2581 2373 2648 cuique
2431 2581 2705 2634 voluntas.
2746 2578 2915 2632 Porro
2972 2580 3106 2632 bene
3135 2579 3288 2643 novi;
3319 2578 3466 2629 hunc

1893 2686 2108 2741 quoque
2140 2672 2519 2726 breviSsimum
2555 2687 2875 2729 sermonem
2901 2709 2913 2732 ,
2961 2668 3245 2722 Sermonis
3297 2668 3467 2721 Mater

1893 2763 1988 2815 illa
2019 2775 2347 2832 susceptura
2369 2773 2472 2824 est,
2507 2763 2772 2831 dabitque
2806 2762 2945 2815 haud
2981 2763 3197 2829 quidem
3231 2760 3369 2813 forte
3420 2762 3465 2812 si

1895 2868 2011 2919 qua:
2059 2854 2335 2921 petimus;
2382 2857 2604 2905 onniino
2650 2864 2832 2906 autem
2862 2853 2906 2906 si
2935 2868 3057 2921 qua:
3097 2851 3246 2920 digni
3276 2867 3467 2904 smnus

1894 2942 2171 3010 accipere.
2209 2941 2408 2999 Libens
2448 2947 2618 3007 enim,
2655 2944 3011 2997 sanctissima
3047 2958 3173 2996 cum
3209 2941 3466 2995 muniﬁca

1896 3033 1990 3094 sit,
2024 3047 2121 3103 pro
2155 3034 2543 3088 minutissimis
2573 3034 2783 3101 majora
2817 3033 3092 3086 retribuit.
3130 3031 3193 3084 Et
3221 3033 3469 3101 haecqui-

1892 3123 2015 3176 dem
2061 3123 2134 3176 ita
2166 3125 2439 3189 habeant;
2475 3135 2530 3178 tu
2563 3135 2766 3188 autem,
2790 3141 2822 3177 o
2849 3125 3110 3194 praeclara
3159 3123 3468 3179 illustrissi-

1895 3227 2091 3281 maque
2119 3216 2352 3298 concio:
2386 3232 2485 3268 vos
2519 3218 2666 3269 enim
2704 3231 2898 3269 rursus
2935 3214 3002 3267 ad
3053 3218 3464 3284 perorationem

1892 3318 2216 3375 prwenntes,
2266 3310 2526 3364 luneritia
2585 3325 2886 3373 canamus,
2938 3310 3184 3378 totisque
3240 3310 3452 3361 viribus

213 3415 337 3454 eam
360 3400 662 3454 honoribus
682 3410 1036 3460 coronemus,
1067 3409 1187 3463 qua!
1209 3393 1410 3448 festum
1472 3395 1614 3446 diem
1669 3395 1922 3450 initiavit.
1993 3399 2063 3454 Ut
2108 3413 2287 3457 autem
2344 3404 2446 3456 hoc
2487 3403 2827 3473 splendidius
2878 3405 2993 3465 ﬁat,
3038 3415 3234 3471 praesto
3306 3403 3467 3455 hodie

217 3494 574 3548 sitniversa
604 3491 907 3546 caelestium
943 3504 1008 3544 ac
1048 3488 1394 3542 terrestrium
1428 3488 1649 3552 concio,
1674 3505 1996 3562 mecumque
2046 3496 2299 3549 exodium
2361 3498 2640 3549 canticum
2706 3510 2769 3548 ac
2849 3494 3134 3548 lunebrem
3182 3495 3459 3549 laudatio-

119 3655 124 3659 ,
177 3567 192 3580 ’
216 3600 366 3649 nem,
408 3585 562 3640 hisee
589 3590 905 3651 conceptam
939 3581 1142 3642 verbis,
1193 3581 1435 3649 impleat.

302 3678 562 3747 ’Λπῆρεν,
594 3676 806 3745 ἀπῆρεν
831 3675 865 3743 ἡ
887 3671 1208 3743 παρεμϐολὴ
1239 3671 1331 3724 τοῦ
1361 3671 1496 3723 Θεοῦ
1527 3672 1633 3724 άπὸ
1658 3689 1789 3741 σκη-

1966 3677 2365 3742 Discesserunt,
2401 3678 2778 3733 discesserunt
2810 3687 2989 3730 castra
3025 3677 3118 3731 Dei
3149 3722 3161 3736 ,
3207 3693 3234 3729 a
3280 3680 3463 3732 taber-

213 3770 484 3840 νωμάτων
517 3767 730 3836 Κηδὰρ,
786 3765 920 3834 πρὸς
970 3764 1066 3825 τάς
1111 3761 1308 3824 ἁΰλους
1331 3761 1423 3814 καὶ
1455 3761 1789 3825 παλινζώους

218 3862 445 3932 σκηνάς.
490 3856 787 3912 ’Λπέλαὸεν
808 3859 842 3925 ἡ
876 3856 1071 3926 σκηνὴ.
1099 3856 1197 3924 τῆς
1231 3853 1463 3924 νομικῆς
1493 3855 1527 3924 ἡ
1562 3854 1790 3929 ἀρχέτυ-

215 3973 339 4020 σεος,
368 3955 466 4024 τὴν
509 3955 879 4023 ὑπερκόσμιον
914 3951 1166 4015 κιϐωτὸν,
1191 3944 1258 4021 ἦς
1299 3935 1470 4010 τύπος
1509 3951 1542 4019 ὴ
1573 3950 1786 4020 νομική.

221 4071 240 4102 ι
281 4051 458 4121 Ἤρθη
504 4049 614 4101 τῶν
671 4049 781 4114 ἄνω
831 4046 1009 4115 θυρῶν
1038 4046 1098 4098 τὸ
1131 4045 1460 4114 ὑπέρθυρον,
1502 4061 1519 4094 ι
1573 4045 1656 4096 ἵνα
1696 4044 1793 4114 τὴν

213 4144 474 4215 ὑπεράνω
510 4141 606 4195 τοῦ
637 4140 775 4194 Θεοῦ
803 4140 981 4207 πύλην
1005 4141 1113 4191 τῶν
1145 4139 1414 4203 οὐρανίων
1445 4139 1512 4190 τὰ
1546 4136 1793 4207 βασίλεια

214 4236 514 4306 βασιλικῶς
554 4233 992 4302 ὲγκολπώσηται.
1053 4228 1416 4292 ’Υποδέξασθε
1448 4229 1638 4297 αὐτὴν,
1669 4227 1792 4278 λευ·

212 4327 597 4400 χειμονοῦντες
629 4323 870 4391 ἄγγελοι⁸
904 4322 1209 4392 ὑμνήσατε,
1244 4319 1480 4390 οὐρανοῦ
1511 4319 1792 4384 δοξάσατε,

211 4422 470 4490 γηγενεῖς
494 4435 508 4449 ο
542 4415 793 4486 ὑψὼσατε
841 4433 858 4465 ι
899 4413 995 4484 τὴν
1029 4411 1184 4465 πόλιν
1221 4410 1318 4480 τοῦ
1349 4409 1486 4462 Θεοῦ
1520 4411 1615 4462 τοῦ
1645 4409 1796 4480 βασι-

213 4511 357 4573 λέως
384 4508 477 4562 τοῦ
499 4507 760 4578 μεγάλου.
791 4523 811 4557 ι
848 4505 947 4573 Γῆ,
976 4502 1362 4574 ιπικρότησον,
1387 4501 1792 4571 άνευφήμησον,

210 4603 473 4673 διήγησαι
528 4599 631 4668 τῆς
690 4596 967 4668 Παρθένου
1019 4596 1092 4649 τὰ
1144 4593 1354 4658 ἔνδοξα,
1413 4594 1506 4646 τοῦ
1535 4593 1694 4647 τόκου
1728 4593 1798 4646 τὰ

215 4693 529 4760 σπάργανα,
563 4689 655 4743 τοῦ
679 4689 852 4756 τάφου
883 4689 952 4740 τά
984 4686 1268 4756 θαύματα·
1295 4684 1412 4748 πῶς
1454 4685 1650 4753 ἐτάφη,
1680 4684 1798 4747 πῶς

217 4783 512 4853 μετετέθη’
545 4779 660 4840 πῶς
687 4781 715 4832 δ
741 4778 912 4846 τάφος
945 4777 1139 4847 ὁρᾶται
1182 4776 1338 4837 κενὸς
1385 4774 1793 4844 προσκυνούμε-

212 4891 326 4938 νος.
371 4872 622 4935 Ἰουδαία,
652 4870 853 4937 σύναγε
888 4870 1015 4928 τοὺς
1047 4866 1198 4929 υἱούς
1250 4881 1345 4918 σου
1372 4884 1386 4897 ο
1420 4866 1656 4936 κήρυττε
1697 4866 1795 4934 τὴν

213 4965 276 5033 ἑξ
321 4964 491 5018 Ἰούδα
548 4963 889 5034 βασίλισσαν,
929 4959 1141 5029 θάρσει,
1198 4957 1272 5028 μὴ
1329 4956 1531 5026 φοϐοῦο
1569 4957 1793 5026 ἑόρταζε

211 5042 541 5128 τὰς’έορτάς
574 5073 692 5118 σου,
736 5051 1087 5124 Ἰερουσαλήμ
1121 5067 1134 5079 ο
1163 5049 1490 5121 ἀναϐόησον,
1518 5049 1787 5115 ὀλόλυξον,

213 5150 542 5222 πρόπεμψον
573 5148 668 5202 τοῦ
697 5147 831 5200 Θεοῦ
851 5146 948 5217 τὴν
983 5142 1336 5215 μητρόπολιν.
1384 5142 1550 5210 eam
1578 5145 1793 5195 Δαυῐτι-

213 5243 348 5305 κῶς,
381 5241 506 5310 λέγε
557 5239 801 5312 τρανῶς·
854 5256 872 5289 ι
931 5237 1019 5289 Ἐν
1071 5233 1234 5304 ἐξόδῳ
1267 5232 1479 5304 Ἰσραὴλ
1520 5231 1578 5297 ἑξ
1623 5232 1789 5300 Δίγύ.

1893 3770 2103 3825 naculis
2137 3769 2314 3824 Cedar
2345 3782 2390 3835 ε,
2421 3771 2826 3841 adincorporea
2852 3782 2904 3824 et
2941 3787 3096 3824 nova:
3121 3773 3244 3825 vilze
3277 3772 3459 3825 labet»

1892 3863 2111 3915 nacula.
2153 3860 2379 3929 Recepit
2420 3864 2832 3917 tabernaculum
2887 3863 3044 3927 illud,
3086 3864 3274 3933 legalis
3309 3864 3454 3917 illius

1893 3954 2175 4021 exemplar
2207 3952 2257 4018 ἀ,
2287 3952 2579 4008 Οωιοειθιιι
2617 3970 2801 4008 arcam
2837 3972 2850 4007 :
2888 3956 3047 4023 cujus
3081 3971 3210 4008 arca
3268 3957 3458 4024 legalis

1895 4045 2065 4115 ﬁgura
2091 4057 2215 4100 est:
2253 4065 2271 4097 ι
2314 4047 2594 4101 ElcVatum
2637 4058 2720 4101 est
2776 4049 3198 4116 supz-rliininarc
3238 4059 3260 4086 ε
3299 4070 3315 4098 ο
3352 4065 3464 4103 co:-

1897 4140 2112 4192 lestium
2163 4147 2471 4207 portarum,
2519 4151 2577 4192 ut
2609 4139 2698 4193 Dei
2734 4139 3178 4208 supercmlestem
3224 4153 3463 4209 portam,

1896 4231 2160 4284 calorum
2183 4231 2354 4299 regia,
2384 4231 2553 4300 regali
2581 4233 2984 4298 magniﬁcentia
3017 4231 3140 4283 sinu
3175 4234 3461 4300 suscipiat.

1898 4320 2161 4384 Voseam,
2181 4321 2379 4392 angeli,
2408 4322 2644 4375 candido
2670 4323 3196 4392 vestitususcipite;
3225 4322 3463 4388 laudate,

1897 4415 2058 4477 cmli;
2090 4416 2394 4484 terrigenae,
2437 4415 2781 4484 gloriﬁcate;
2817 4426 2869 4467 et
2902 4433 2920 4466 ι
2961 4414 3078 4476 Dei,
3117 4418 3285 4487 Regis
3317 4417 3470 4472 illius

1900 4506 2079 4571 magni
2105 4505 2383 4559 civitatein
2408 4504 2427 4542 ί
2462 4525 2480 4556 ι
2506 4508 2767 4560 exaltate.
2802 4507 2982 4561 Salias
3006 4548 3020 4570 ,
3047 4515 3193 4560 terra
3217 4547 3232 4571 ,
3251 4508 3466 4562 eclebra

1898 4597 2047 4651 clara
2083 4595 2246 4660 fama,
2279 4594 2526 4664 Virginis
2555 4599 2784 4668 gloriam
2817 4613 3048 4661 enarra,
3089 4614 3323 4669 pannos,
3379 4600 3463 4652 in-

1898 4702 2082 4756 quam,
2120 4687 2437 4757 puerperii,
2498 4689 2739 4758 sepulcri
2800 4690 3066 4743 miracula
3124 4710 3135 4743 :
3195 4691 3470 4759 quomodo

1900 4776 2110 4844 sepulta
2144 4777 2239 4841 sit,
2271 4778 2545 4845 quomodo
2587 4778 2878 4843 translata,
2931 4789 2989 4833 ut
3019 4795 3252 4833 vacuum
3285 4783 3473 4850 sepul-

1899 4884 2053 4922 crum
2083 4868 2274 4922 honori
2294 4868 2581 4923 babeatur.
2613 4868 2820 4936 Judaea,
2847 4886 3118 4941 congrega
3152 4882 3277 4926 tuos
3306 4873 3469 4936 ﬁlios;

1901 4961 2141 5029 prmdica
2201 4969 2379 5015 ortam
2444 4976 2508 5015 ex
2543 4959 2678 5015 Juda
2713 4961 3014 5028 Reginam;
3047 4962 3282 5026 conﬁde,
3309 4977 3375 5017 ne
3405 4964 3474 5015 ti-

1898 5053 2134 5117 mueris;
2168 5067 2265 5121 age
2298 5051 2436 5107 festa
2475 5061 2586 5117 tua,
2618 5051 2957 5118 Jerusalem;
2992 5053 3292 5117 succlama,
3315 5053 3472 5123 plau-

1896 5142 1986 5204 de,
2009 5142 2186 5197 deduc
2219 5141 2312 5197 Dei
2345 5142 2490 5197 illam
2528 5145 2898 5211 metropolim.
2933 5143 3290 5214 Psallejuxta
3309 5142 3470 5196 Davi-

1896 5234 2054 5299 dem;
2089 5236 2174 5290 dic
2197 5235 2383 5290 clare:
2418 5254 2437 5288 ι
2474 5235 2534 5290 In
2554 5237 2707 5291 exitu
2728 5235 2893 5292 Israel
2915 5238 2984 5294 de
3007 5236 3245 5309 Egypto
3268 5245 3294 5285 ι
3329 5237 3500 5306 (ll).-

287 5391 310 5419 ε
337 5377 481 5434 Psal.
538 5390 686 5440 cm,
724 5373 776 5428 5.
854 5369 880 5409 ἀ
911 5368 1078 5424 Hebr.
1111 5382 1229 5432 \‘lll,
1264 5366 1315 5419 5.
1397 5375 1420 5402 ο
1456 5361 1562 5419 lsa.
1599 5381 1672 5427 vr,
1705 5365 1757 5417 ί.

1898 5364 2046 5423 Psal.
2091 5380 2261 5431 ιινιι,
2318 5367 2371 5420 3.
2454 5365 2646 5421 lPsal.
2679 5384 2838 5433 cxttt,
2879 5373 2923 5424 l.

1546 5507 1940 5567 COMBEFISII
1976 5510 2207 5568 NOTAE.

288 5618 414 5691 (l_l)_
464 5613 530 5691 In
559 5614 704 5670 exitu
742 5610 916 5691 Israel
950 5610 1014 5665 de
1068 5607 1324 5691 Eggpto:
1365 5605 1532 5661 Plane
1569 5621 1786 5691 accom-

208 5678 632 5745 modatissimas
687 5685 1004 5754 psalmus,
1046 5678 1253 5754 mundo
1302 5678 1409 5732 hoc
1457 5678 1803 5754 exeuntibus

209 5759 423 5816 sanctis
477 5747 803 5820 animabus;
861 5747 1151 5808 submerso
1198 5750 1310 5817 jam
1364 5747 1586 5818 penitus
1636 5747 1785 5802 Pha-

212 5843 405 5892 raone,
440 5842 506 5881 ee
532 5825 775 5896 perlecta
803 5823 1059 5896 libertate
1090 5830 1242 5896 parta
1265 5833 1436 5896 ;_quat
1459 5831 1599 5896 agno
1628 5820 1786 5896 nobis

215 5886 403 5958 minor
426 5886 810 5967 est,'quandiu
839 5895 895 5949 in
932 5886 1190 5948 humanis
1225 5886 1458 5955 agimus.
1493 5886 1608 5944 Nec
1636 5891 1783 5947 enim

1893 5611 2162 5676 interim,
2229 5611 2394 5665 etiam
2457 5611 2830 5665 sanctissimis
2897 5610 3098 5666 desunt
3175 5612 3476 5677 ἀναγκαιο-

1893 5680 2040 5752 πάθη
2101 5681 2216 5747 illa,
2256 5681 2459 5752 saltem
2521 5682 2789 5750 corporis.
2825 5680 3000 5752 Habet
3051 5681 3218 5752 etiam
3275 5684 3477 5750 lit-gius

1891 5749 2086 5816 codex,
2130 5768 2187 5806 ιι.
2242 5751 2368 5814 955,
2410 5749 2632 5806 nomine
2675 5754 2851 5806 sancti
2909 5750 3142 5807 Joannis
3177 5749 3477 5807 Thessalo-

1894 5821 2138 5877 nicensis
2167 5822 2344 5878 l’usam
2393 5821 2689 5878 admodum
2717 5824 3047 5883 orationem.
3094 5822 3341 5887 ejusdem
3383 5837 3476 5875 ar-

1892 5894 2158 5963 gumenti,
2197 5895 2250 5948 in
2285 5907 2391 5963 qua
2423 5909 2523 5948 ceu
2562 5909 2627 5950 ex
2661 5893 2892 5950 historia
2936 5894 3230 5948 inducitur
3283 5891 3476 5949 Petrus
