4176 6448
783 433 785 435 ι
794 395 853 459 -11
864 399 938 462 0'!

1963 410 2020 463 ὅ.
2059 407 2385 464 ANDRErE
2425 408 2844 467 CRETENSIS

3917 397 4067 465 1103

792 520 840 560 et
869 525 1203 577 provrsorem
1243 511 1677 564 necessitudinis
1716 512 2018 573 vicinitate,
2053 509 2343 568 commise-

2463 517 2738 583 κηδεμόνα
2777 517 2994 577 πάντως
3043 515 3256 576 οἰκείως
3286 513 3566 582 ὲγγύτητι.
3602 513 3739 583 Δέξῃ
3769 513 3831 564 δὲ
3857 513 4068 565 τοῦτον

791 601 934 651 ratio
970 601 1110 652 velut
1145 616 1171 651 a
1200 609 1402 652 natura
1449 602 1542 654 sit.
1578 599 1770 663 Porro,
1815 604 1964 664 novi,
1999 603 2204 657 donum
2239 605 2362 673 pul-

790 689 1147 745 cherrimum.
1182 704 1245 742 ex
1272 691 1462 758 egenis
1497 690 1775 744 laboribus
1813 693 1949 744 meis
1973 696 2357 761 compositum,

788 789 1075 847 acceptum
1105 781 1384 834 habueris.
1422 778 1538 834 Non
1571 782 1715 833 enim
1744 781 1892 835 aliud
1933 784 2187 836 omnibus
2225 786 2360 837 emi-

786 874 936 924 neuti
974 871 1258 926 Sermonis
1287 873 1472 933 Matri.
1505 889 1669 942 quam
1702 890 2036 940 sermonem,
2077 892 2143 931 ex
2189 893 2356 945 spon-

787 960 961 1013 taneis
1009 971 1113 1013 tua!
1151 962 1340 1027 gratize
1382 961 1645 1024 l'omibus,
1686 977 1718 1016 0
1767 965 2010 1031 gratiosa
2054 965 2186 1029 Deo,
2231 982 2357 1036 pro-

785 1051 1065 1111 lluentem,
1117 1052 1460 1105 oll'erenilum
1515 1055 1702 1106 habui.
1752 1054 2026 1108 C.eterum
2061 1066 2165 1110 ture
2210 1059 2357 1112 illius

784 1139 983 1191 divina:
1017 1143 1459 1196 conversationis
1491 1144 1542 1195 in
1581 1145 1718 1197 senii
1767 1147 1951 1198 nescia
1994 1148 2354 1210 beatitudine,

785 1226 1095 1284 horrendus
1127 1245 1260 1284 sane
1285 1246 1615 1300 omnemque
1644 1249 1917 1302 superans
1962 1238 2353 1291 obscuritatem

783 1325 910 1372 tuus
942 1321 1032 1373 ille
1065 1329 1265 1384 status,
1301 1324 1451 1375 velut
1485 1325 1579 1391 qui
1611 1325 1763 1377 nullo
1789 1327 1950 1379 modo
1976 1336 2068 1378 aut
2100 1330 2358 1397 cognosci

782 1413 955 1475 possit
988 1419 1080 1465 aut
1119 1417 1392 1480 enarrari,
1421 1417 1643 1469 silentio
1670 1417 1993 1472 honoretur.
2021 1419 2184 1474 Plane
2209 1423 2351 1475 enim

773 1504 916 1568 juris
953 1517 1054 1558 est.
1097 1506 1213 1559 Non
1249 1509 1397 1561 enim
1447 1517 1530 1563 est
1565 1518 1837 1572 nostrum,
1867 1520 1922 1564 ut
1961 1528 2081 1581 qua:
2110 1526 2352 1569 nostram

779 1605 1044 1663 superant
1077 1598 1417 1662 facultatem,
1447 1618 1680 1671 quaeque
1724 1604 2204 1671 incomprcliensa,
2237 1625 2355 1659 ozn-

779 1687 911 1740 nino
948 1688 1195 1758 indagari
1249 1700 1548 1760 nequeunt,
1601 1696 1888 1765 explicare
1934 1698 2184 1752 velimus.
2228 1697 2354 1753 llaec

778 1791 912 1830 sane
954 1778 1074 1839 tibi,
1115 1795 1148 1830 ο
1187 1789 1270 1832 ter
1300 1781 1486 1848 regina
1529 1781 1617 1837 Dei
1661 1781 1934 1847 Genitrix,
1973 1801 2001 1838 a
2048 1795 2100 1839 te
2134 1789 2353 1856 tuisque

2462 600 2559 656 οἷδ’
2599 608 2680 658 ὅτι
2714 605 2888 675 δῶρον
2944 604 3246 664 κάλλιστον,
3284 605 3347 655 ἐκ
3378 604 3654 671 πενιχρῶν
3707 604 4068 668 συνταγέντα

2464 713 2554 765 μοι
2605 697 2804 749 πόνων.
2843 697 2917 748 Οὐ
2964 696 3073 765 γὰρ
3123 690 3270 764 εἶχον
3301 697 3328 747 ὃ
3361 712 3411 746 τι
3455 693 3730 763 προσοίσω
3781 694 3963 744 πλέον
3999 695 4064 762 τῇ

2462 789 2679 840 πάντων
2707 787 3049 856 ὑπερεχούσῃ
3080 787 3247 856 μητρὶ
3267 787 3362 838 τοῦ
3387 786 3570 850 λόγου,
3605 785 3746 852 πλὴν
3775 785 3865 836 ὅτι
3893 784 4068 848 λόγον

2458 880 2518 944 ἐξ
2549 880 2904 950 αὑτορῥύτων
2926 878 3119 948 πηγῶν
3148 880 3244 948 τῆς
3275 878 3332 929 ὲν
3363 878 3465 938 σοὶ,
3494 875 3892 944 θεοχαρίτωτε,
3918 890 4066 941 προ-

2458 972 2715 1040 χεόμενον
2739 971 2979 1040 χάριτος.
3014 968 3128 1037 Τῆς
3163 969 3227 1035 γέ
3257 984 3339 1020 τοι
3370 967 3520 1027 θείας
3545 968 3603 1017 ὲν
3630 966 3832 1033 ἀγήρῳ
3873 981 4065 1033 μακα-

2459 1063 2666 1131 ριότητι
2691 1061 2966 1129 διαγωγῆς
2991 1063 3024 1129 ἡ
3051 1059 3356 1128 ἔμφρικτος
3383 1056 3476 1107 καὶ
3497 1054 3933 1123 ὑπεράγνωστὸς
3967 1069 4062 1104 σου

2458 1150 2814 1210 κατάστασις,
2873 1149 2946 1210 ὡς
2986 1147 3358 1214 ἀδιάγνωστος
3417 1144 3595 1211 πάντη
3648 1143 3743 1193 καὶ
3795 1143 4062 1202 ἄλεκτος,

2458 1242 2634 1307 σιωπῇ
2659 1238 2924 1307 τιμάσθω.
2952 1239 3171 1290 Δίκαιον
3201 1236 3308 1306 γὰρ
3339 1238 3419 1288 ὅτι
3447 1237 3521 1304 μὴ
3552 1235 3688 1302 πρὸς
3730 1233 3903 1300 ἡμῶν
3934 1236 4064 1282 ἐπι-

2456 1328 2676 1380 ὖὰλλειν
2705 1331 2818 1390 τοῖς
2870 1329 3169 1397 κρεῖττονῆ
3210 1328 3332 1380 καθ’
3386 1327 3535 1395 ἡμᾶς
3591 1326 3807 1395 ἔχουσι,
3852 1326 3953 1377 καὶ
3985 1324 4064 1390 τῷ

2456 1418 2686 1486 ἀλήπτῳ
2714 1420 2892 1471 πᾶσαν
2918 1416 3339 1486 διατειχίζουσιν
3371 1417 3620 1485 ἔρευναν.
3662 1416 3758 1466 Σοὶ
3797 1415 3906 1483 μὲν
3940 1411 4059 1476 οὖν,

2455 1503 2499 1560 ὦ
2561 1509 2829 1561 πανολόία
2887 1512 3261 1577 τρισσάνασσα
3322 1509 3754 1576 Θεογεννήτρια,
3820 1505 3859 1557 ἃ.
3920 1507 4059 1572 πρὶς

2455 1601 2612 1670 ἡμῶν
2644 1601 3000 1667 ὲπωφείλετο,
3053 1601 3162 1651 τῶν
3194 1599 3299 1651 ὑπὸ
3338 1600 3421 1651 σοὶ
3450 1601 3696 1659 καὶρταῖς
3742 1601 3873 1658 σαῖς
3919 1597 4060 1664 πρεις

2453 1691 2514 1741 τὺ
2545 1691 2698 1742 Θείον
2723 1692 3224 1760 εὐπαρρησιάστοις
3253 1691 3452 1752 λιταῖς,
3495 1691 3620 1750 τοὺς
3650 1690 3783 1763 περὶ
3821 1687 3885 1738 σὲ
3918 1705 4060 1756 κρυ-

2455 1779 2612 1845 φίους
2661 1778 3116 1847 στοιχειωθέντων
3151 1778 3365 1845 λογους,
3390 1777 3516 1831 τάδε
3548 1775 3642 1827 νῦν
3673 1775 3929 1844 μετρίως
3982 1778 4060 1834 εΞς

777 1866 844 1919 ad
898 1866 1067 1920 Deum
1099 1868 1499 1926 efﬁcacissimis
1549 1875 1825 1940 precibus.
1864 1877 2120 1932 occultos
2167 1895 2343 1932 rerum

2454 1870 2680 1938 δύναμιν
2710 1871 3074 1940 ἑσχεδίασται.
3133 1871 3294 1938 Ἡμῖν
3340 1868 3399 1920 δὲ
3429 1869 3512 1930 τίς
3545 1865 3937 1932 ἀναλογοῦσαν
3981 1866 4059 1930 τῷ

775 1967 1016 2025 tuarum,
1077 1977 1392 2030 quanquam
1451 1965 1663 2030 ΓυιΙίιις,
1717 1967 1860 2022 docti
1902 1984 2209 2035 sermones,
2255 1988 2353 2040 pro

773 2052 989 2104 modica
1021 2069 1170 2106 nunc
1205 2053 1495 2115 facultate,
1533 2057 1616 2107 vel
1666 2058 1848 2112 minus
1887 2072 2143 2116 accurate
2169 2063 2350 2130 diges-

772 2142 970 2195 simus.
1011 2143 1149 2209 Quis
1180 2161 1313 2198 vero
1357 2161 1658 2215 congruam
1685 2149 2005 2203 sublimitati
2035 2167 2099 2203 ac
2142 2155 2351 2222 magni-

771 2237 948 2288 tudini
989 2252 1179 2290 eorum
1210 2253 1334 2307 qua:
1363 2242 1650 2308 magnilice
1677 2243 1919 2309 gloriosa
1957 2243 2023 2298 de
2067 2253 2117 2297 te
2145 2248 2350 2314 cogita-

770 2344 892 2381 mus
918 2345 1102 2383 vocem
1129 2333 1387 2400 prebeat,
1418 2348 1481 2387 ac
1507 2336 1610 2387 vim
1638 2335 1878 2389 dicendi.
1923 2335 2052 2400 Sed,
2078 2354 2110 2391 ο
2141 2338 2346 2407 Regina

770 2421 1156 2475 universorum
1192 2425 1503 2490 hominum,
1544 2427 1832 2496 ipsiusque
1858 2443 1956 2496 per
1974 2445 2032 2483 se
2053 2429 2348 2498 Sapientize

766 2522 820 2564 ct
847 2512 1008 2565 Verbi
1057 2515 1444 2590 subsistentis,
1491 2533 1702 2587 capax:
1739 2519 1947 2587 primae.
1998 2519 2243 2588 inquam,
2283 2523 2348 2573 il-

769 2605 894 2668 lius,
937 2614 989 2658 et
1019 2608 1306 2676 principis,
1352 2624 1414 2662 ac
1447 2612 1692 2664 omnium
1735 2626 1919 2666 causa}
1951 2614 1964 2664 ί
1993 2612 2036 2666 0
2066 2614 2187 2667 vita:
2221 2615 2348 2668 sul)-

767 2696 1153 2759 ministratrix,
1194 2701 1412 2767 vitaque
1452 2701 1777 2765 viventium,
1828 2718 1891 2756 ac
1924 2706 2140 2758 auctrix
2181 2707 2341 2762 vitae!

765 2786 810 2835 0
845 2797 1059 2849 sanita,
1088 2798 1141 2842 et
1178 2793 1422 2846 sanctior
1458 2795 1700 2854 sanctis,
1753 2795 2218 2865 sanctissimeque
2270 2807 2346 2852 to-

767 2879 877 2930 tius
927 2881 1236 2935 sanctitatis
1271 2883 1562 2937 thesaurel
1611 2882 1653 2936 0
1687 2884 1999 2952 dividuum,
2055 2902 2166 2941 non
2223 2906 2345 2957 quae

767 2970 1007 3034 dividue,
1040 2972 1133 3026 sed
1193 2990 1316 3040 quae
1379 2975 1656 3030 insolubili
1716 2979 1975 3044 vinculo,
2040 2981 2342 3037 humanum

766 3077 939 3131 genus
969 3065 1175 3118 unieris
1221 3065 1361 3120 Deo!
1397 3065 1441 3120 0
1494 3077 1840 3123 terrenorum
1890 3086 2141 3141 regnum,
2187 3075 2340 3129 insue

769 3153 997 3220 perabili
1032 3170 1062 3207 a
1095 3170 1334 3226 superna
1370 3159 1567 3227 gloria,
1614 3169 1888 3227 potestate
1922 3164 2247 3230 pracdituml
2299 3167 2342 3219 0
2370 3193 2412 3250 ο

766 3242 1096 3298 Christianae
1147 3245 1266 3301 ﬁdei
1322 3250 1823 3318 propugnaculum,
1880 3267 2184 3323 eorumque
2221 3273 2344 3324 pro-

766 3335 1083 3401 pngnatrix,
1116 3338 1208 3405 qui
1249 3337 1303 3391 in
1349 3347 1400 3392 te
1449 3355 1600 3408 spem
1656 3345 1996 3410 posuerunt!
2038 3343 2271 3415 Suscipe
2315 3363 2342 3400 a

767 3425 948 3486 nobis,
981 3427 1070 3492 qui
1108 3443 1202 3494 per
1237 3439 1288 3480 te
1318 3431 1667 3498 suscepimus
1705 3434 1955 3489 veritatis
1981 3437 2184 3499 lumen,
2223 3454 2344 3504 quas

767 3520 880 3575 tua,
916 3521 974 3565 ut
1005 3513 1180 3576 licuit,
1235 3518 1536 3584 praeconia,
1584 3537 1647 3573 ex
1701 3522 1958 3578 obscuris
2010 3526 2343 3593 imaginibus

766 3605 994 3672 mystice
1032 3608 1386 3675 contemplati
1439 3624 1653 3664 sumus.
1701 3611 1780 3665 Tu
1825 3629 2008 3682 porro,
2048 3617 2099 3668 in
2147 3626 2195 3670 te
2231 3619 2344 3687 glo-

764 3695 1038 3749 riantibus
1083 3697 1266 3762 nobis,
1310 3714 1342 3750 o
1379 3697 1626 3769 Dcipara,
1675 3703 1726 3755 id
1759 3704 1958 3758 modici
1992 3706 2156 3774 hujus
2186 3709 2340 3762 labo-

761 3789 838 3840 ris
885 3790 1167 3857 praamium
1212 3791 1574 3858 retribueris;
1615 3802 1674 3847 ιιι
1722 3796 2004 3861 nimirum,
2064 3799 2341 3855 thesauris

760 3881 1017 3934 omnibus
1066 3883 1434 3952 pretiosisqne
1489 3886 1686 3952 opibus
1734 3887 2164 3956 splendidiorem
2212 3907 2340 3959 pre-

760 3970 1172 4040 tiosioremque,
1208 3980 1356 4025 tuam
1396 3972 1461 4026 ad
1499 3972 1696 4028 Filium
1732 3983 1908 4038 tuum,
1939 3975 2339 4048 Dominamque

757 4069 1008 4113 nostrum
1044 4076 1105 4113 ac
1131 4059 1354 4130 Regem,
1388 4060 1672 4131 Deumque
1714 4073 1768 4118 et
1801 4064 2096 4120 Dominum
2126 4071 2336 4123 oratio-

757 4167 882 4204 nem
940 4153 1244 4220 supplicem
1297 4155 1664 4224 praebueris;
1729 4173 1836 4227 qua
1898 4168 1953 4214 ct
2011 4171 2330 4230 peccantes,

755 4243 924 4297 Deum
951 4246 1219 4313 placatnri
1251 4248 1463 4311 simus;
1497 4259 1554 4303 et
1583 4264 1649 4303 ex
1678 4251 1902 4307 virtutis
1931 4255 2142 4309 ratione
2174 4272 2335 4324 agen-

755 4346 856 4397 tes,
894 4335 1188 4404 benignius
1236 4337 1588 4392 conciliaturi
1625 4357 1637 4392 :
1691 4356 1801 4410 qua
1843 4341 2204 4398 barbarorum
2241 4361 2333 4399 ar-

746 4441 862 4489 ma,
901 4429 1132 4496 sagittas
1182 4431 1538 4499 parvulorum
1590 4434 1766 4490 simus
1805 4435 2172 4491 existimaturi
2211 4457 2224 4492 :
2279 4447 2332 4492 et

2457 1959 2578 2027 ὕψει
2615 1961 2706 2010 καὶ
2742 1960 2964 2027 μεγέθει
2992 1960 3099 2011 τῶν
3137 1959 3508 2027 ὐπερενόόξων
3533 1959 3660 2026 περὶ
3699 1957 3796 2009 σοῦ
3840 1959 4058 2023 verisi-

2453 2063 2560 2099 των
2619 2046 2916 2116 ἐμπαρέξει
2968 2049 3153 2115 φωνὴν
3191 2047 3528 2115 σύμμετρον,
3581 2043 3674 2094 καὶ
3729 2043 3830 2093 τοῦ
3867 2042 4058 2105 λέγειν

2457 2138 2642 2208 ἰσχύῃ
2677 2139 2839 2201 Ἀλλ’,
2870 2137 2915 2190 ὦ
2936 2139 3204 2190 Δέσποινα
3231 2139 3449 2190 πάντων
3465 2134 3796 2206 ἀνθρώπων,
3824 2134 3928 2186 καὶ
3958 2136 4058 2200 τῆς

2452 2231 2780 2298 αὑτοσοφίας
2814 2232 2906 2282 καὶ
2955 2231 3322 2282 ἐνυποστάτου
3372 2229 3548 2294 Λόγου
3584 2227 3879 2296 χωρητική
3911 2241 3924 2253 ·
3962 2226 4059 2276 τοῦ

2453 2319 2673 2390 πρώτου
2725 2323 2818 2373 καὶ
2871 2319 3101 2390 ἀρχικοῦ
3133 2321 3226 2372 καὶ
3272 2320 3491 2371 πάντων
3546 2317 3744 2370 αίτίου,
3775 2312 3850 2366 '0
3908 2317 4058 2380 ζωῆς

2452 2412 2656 2481 χορηγὲ
2708 2415 2802 2464 καὶ
2847 2414 2958 2464 τῶν
3003 2414 3220 2475 ζώντων
3254 2410 3367 2480 ζωὴ
3406 2411 3500 2462 καὶ
3539 2407 3686 2476 ζωῆς
3727 2408 4052 2475 παραιτίαὲ

2450 2499 2520 2554 '0
2551 2503 2702 2569 ἁγία,
2739 2503 2831 2555 καὶ
2865 2503 2972 2555 τῶν
2997 2503 3166 2568 ἁγίων
3194 2503 3468 2570 ἁγιωτέρα
3489 2515 3504 2530 °
3540 2500 3636 2551 καὶ
3662 2499 3852 2566 πάσης
3888 2497 4056 2561 ἁγια-

2452 2593 2633 2654 στείας
2681 2593 2946 2658 ὑπερὰγιε
3003 2590 3279 2660 θησαυρέί
3316 2587 3386 2641 '0
3429 2590 3670 2658 μερὶς,ὴ
3725 2585 3951 2647 ἀλύτως
3994 2587 4052 2635 οὗ

2453 2681 2724 2750 μεριστῶς
2754 2680 3003 2732 ἑνώσασα
3034 2679 3153 2747 Θεῷ
3183 2679 3244 2729 τὸ
3282 2676 3658 2746 ἀνθρώπινονὲ
3692 2670 3765 2726 '0
3790 2674 4051 2742 βασιλεία

2447 2773 2555 2823 τῶν
2585 2773 2692 2825 ἀπὸ
2713 2772 2816 2839 γῆς
2837 2772 3059 2840 χοῖκῶν,
3082 2772 3144 2821 ὲκ
3165 2773 3262 2838 τῆς
3284 2770 3546 2823 ἀνωτάτω
3572 2767 3732 2835 δόξης
3751 2765 3813 2816 τὸ
3845 2766 4050 2834 κράτος

2449 2863 2644 2932 ἔχουσα
2675 2865 3100 2934 ἀπροσμὰχητον
3125 2863 3136 2914 !
3170 2857 3242 2912 '0
3271 2862 3372 2929 τῆς
3402 2858 3747 2929 Χριστιανῶν
3783 2859 4048 2926 προπειρ-

2447 2974 2565 3023 γιον
2596 2958 2852 3016 πίστεως.
2889 2956 2979 3006 καὶ
3014 2954 3123 3006 τῶν
3152 2954 3233 3015 είς
3266 2954 3323 3004 σὲ
3363 2952 3461 3012 τὰς
3508 2950 3735 3009 ἐλπίδας
3791 2947 4049 3016 θεμένων

2449 3047 2762 3118 ὑπέρμαχεί
2819 3046 2983 3114 Δέχου
3024 3044 3162 3114 πρὸς
3219 3043 3377 3111 ἡμῶν
3409 3041 3516 3093 τῶν
3551 3040 3651 3107 τῆς
3686 3040 3962 3109 ἀληθείας
3991 3039 4047 3089 τὸ

2448 3139 2563 3206 φῶς
2589 3139 2674 3190 διὰ
2699 3136 2792 3190 σοῦ
2815 3137 3124 3206 δεξαμένων
3147 3134 3254 3198 ,·τὰ
3283 3133 3341 3199 ἐξ
3369 3131 3625 3200 ἀμυδρῶν
3649 3131 3887 3181 εἰκόνων
3917 3131 4046 3196 ἡμῖν

2446 3230 2519 3291 ὼς
2547 3230 2766 3296 ἐφικτὸν
2824 3227 3108 3298 μυστικῶς
3155 3224 3502 3295 θεωρηθέντα
3551 3221 4044 3291 σεμνολογήματα.

2455 3321 2616 3390 Ἡμῖν
2647 3322 2703 3373 δὲ
2735 3323 2846 3380 τοῖς
2871 3322 2949 3382 είς
2984 3320 3064 3384 σὲ,
3094 3318 3398 3386 Θεομῆτορ,
3434 3312 3890 3382 καλλυνομένοις,
3916 3313 4045 3364 tati-

2443 3432 2541 3482 την
2568 3413 2848 3474 ἀντιδίδως
2896 3411 2989 3463 τοῦ
3053 3408 3254 3479 μικροῦ
3284 3407 3474 3461 τούτου
3538 3407 3638 3474 τὴν
3676 3404 3946 3474 ἀμοιϐὴν,
3980 3405 4043 3456 ἶν’

2443 3506 2660 3574 ἔχοιμεν
2690 3502 2982 3573 θησαυρῶν
3015 3501 3233 3554 πάντων
3291 3499 3388 3551 καὶ
3419 3496 3652 3549 πλούτου
3704 3493 4043 3554 πολυτελοῦς

2441 3597 2881 3665 τιμαλφεστέραν
2929 3596 3024 3648 καὶ⁵
3076 3591 3486 3670 λαμπροτέραν,
3527 3589 3624 3659 τὴν
3651 3588 3750 3654 σὴν
3776 3588 3921 3654 πρὸς
3953 3587 4041 3636 τὸν

2444 3691 2534 3742 σὸν
2562 3690 2686 3742 Υἱὸν
2718 3689 2813 3740 καὶ
2863 3687 3130 3757 ἡμέτερον
3164 3683 3468 3754 Δεσπότην,
3511 3681 3604 3732 καὶ
3645 3678 3915 3738 Βασιλέα,
3947 3677 4041 3728 καὶ

2441 3784 2595 3848 Θεὸν,
2631 3785 2725 3835 καὶ
2751 3782 2978 3852 Κύριον,
3015 3781 3218 3832 ἱκέσιον
3249 3779 3433 3848 δέησιν
3456 3793 3470 3807 ·
3497 3775 3564 3827 δι’
3590 3768 3657 3844 ἦς
3689 3773 4041 3841 ἁμαρτάνον-

2439 3895 2551 3940 τες,
2585 3877 2646 3928 τὸ
2694 3877 2848 3928 θεῖον
2881 3871 3239 3941 ὲξιλεούμεθα
3261 3888 3274 3899 ·
3318 3870 3411 3922 καὶ
3441 3865 3863 3936 κατορθοῦντες,
3902 3881 4036 3932 χρη-

2442 3971 2693 4040 στότερον
2722 3970 2933 4030 ἑαυτοῖς
2960 3963 3354 4034 ὲπισπώμεθα·
3385 3963 3452 4014 δι’
3473 3963 3538 4032 ἣν
3569 3958 3708 4012 ὅπλα
3735 3957 4037 4027 βαρῦἀρων

2441 4062 2567 4133 βὲὶη
2599 4062 2808 4131 νηπίων
2862 4057 3182 4130 ἡγούμεθα⁰
3237 4057 3331 4108 καὶ
3359 4055 3510 4124 δόρυ,
3558 4053 3652 4103 καὶ
3680 4049 3893 4120 κράνος
3945 4050 4036 4100 καὶ

2438 4156 2592 4218 τόξου
2619 4154 2785 4222 βολὶς.
2813 4154 3052 4220 ἀνήνυτα
3085 4151 3234 4220 μένει
3265 4151 3360 4201 καὶ
3395 4149 3653 4214 ἄπρακτα
3673 4159 3684 4170 ’
3722 4143 3822 4193 καὶ
3855 4140 4032 4198 τέλος.

2435 4245 2585 4319 δι’ἦς
2621 4247 2768 4299 ἆπαν
2796 4246 3143 4314 Χριπιανοῖς
3178 4242 3384 4307 ἀγαθὸν
3409 4235 3797 4307 κατορθοῦται.
3847 4233 3948 4286 καὶ
4001 4234 4031 4300 ἡ

2437 4341 2573 4411 πρὸς
2598 4340 2658 4392 τὸ
2685 4338 2840 4390 Θεῖον
2863 4338 3144 4408 ὁμοίωσις.
3171 4336 3380 4402 Ἔχεις,
3399 4330 3671 4400 ἁγαπητὲ,
3689 4326 3786 4378 τοῦ
3817 4342 4029 4394 μυττη-

2438 4436 2552 4503 ρίου
2577 4433 2663 4485 τὸν
2691 4431 2868 4499 λόγον,
2896 4432 2944 4482 εί
2967 4430 3062 4482 καὶ
3091 4428 3241 4497 παρὰ
3276 4426 3411 4478 πολὺ
3458 4426 3554 4493 τῆς
3585 4419 3803 4481 ἐλπίδος
3843 4418 4028 4469 λειπό-

753 4534 855 4587 qua
891 4519 1253 4583 sitfuturum,
1296 4531 1353 4576 ut
1407 4525 1584 4591 hasta,
1635 4527 1812 4595 galea,
1857 4543 1924 4582 ac
1971 4531 2144 4585 missa
2199 4533 2326 4597 tela,

2445 4542 2597 4592 μενον
2619 4541 2631 4553 ·
2668 4525 2765 4593 τῆς
2795 4524 2846 4590 γ’
2883 4520 2977 4576 οὖν
3009 4519 3322 4591 προθυμίας
3366 4517 3465 4585 τῆς
3502 4513 3782 4584 ἡμετέρας
3812 4512 3920 4561 οὐκ
3949 4512 4030 4560 ενι

753 4612 965 4666 inntilia
1014 4629 1078 4666 ac
1112 4615 1410 4669 inellicaeia
1442 4627 1702 4672 maneant
1745 4638 1757 4674 :
1810 4636 1916 4690 qua
1963 4622 2205 4693 denique
2242 4625 2334 4679 bo-

749 4717 880 4755 num
910 4719 1071 4757 omne
1097 4704 1429 4761 Christianis
1459 4719 1609 4764 recte
1635 4722 1884 4779 geratur,
1917 4721 1972 4768 et
2003 4717 2333 4772 concilietur

749 4793 842 4847 Dei
868 4796 1192 4852 similitudo.
1210 4796 1410 4862 llabes,
1434 4798 1654 4861 dilecte,
1681 4806 2014 4856 sacramenti
2038 4806 2329 4870 rationem,

747 4902 809 4942 ac
833 4904 1149 4957 quanquam
1198 4892 1494 4958 plurimum
1529 4893 1596 4946 ab
1629 4893 1749 4961 ipso
1785 4893 2025 4958 deﬁciat,
2077 4897 2217 4950 haud
2249 4905 2331 4951 ta-

747 4994 868 5032 men
891 4981 1073 5033 minus
1101 4980 1265 5035 habet
1291 4997 1453 5050 quam
1483 4998 1583 5052 pro
1611 4984 1813 5038 alacris
1847 4987 2014 5039 animi
2047 4987 2328 5044 facultate.

748 5071 1161 5126 Abstrusiorem
1197 5083 1378 5127 autem
1402 5090 1464 5128 ac
1495 5075 1878 5130 sublimiorem
1912 5078 2179 5134 rationem
2215 5096 2330 5135 ser-

743 5179 1096 5234 monemque,
1125 5165 1193 5219 ab
1227 5165 1348 5236 ipso
1384 5167 1480 5222 illo
1506 5168 1773 5224 Sermone
1799 5170 2109 5239 quatsieris,
2146 5173 2237 5241 qui
2270 5189 2328 5229 se

742 5261 817 5312 tui
872 5275 1039 5314 causa
1075 5261 1409 5326 cxinanivit,
1454 5269 1508 5317 et
1543 5279 1709 5318 carne
1744 5265 2098 5329 incrassavit,
2125 5275 2328 5321 totum-

739 5367 846 5420 que
874 5366 933 5404 se
980 5353 1098 5413 tibi,
1155 5353 1479 5422 impensiori
1535 5354 1630 5408 illo
1686 5371 1873 5411 amore
1924 5357 1980 5409 in
2040 5356 2324 5412 hominum

736 5459 935 5512 genus,
971 5445 1146 5498 univit
1179 5465 1192 5499 :
1233 5461 1332 5500 nec
1367 5446 1549 5502 minus
1586 5457 1707 5518 apte
1742 5447 1987 5510 dicatur,
2044 5448 2323 5504 hominem

737 5537 898 5602 fecit;
923 5551 1030 5606 quo
1062 5545 1115 5592 te
1149 5545 1323 5592 totum
1352 5539 1552 5608 spiritu
1590 5539 1755 5593 Deum
1793 5539 2018 5601 faceret,
2047 5557 2110 5595 ac
2133 5581 2147 5605 ,
2174 5543 2322 5612 quod

734 5631 986 5685 deterius
1017 5642 1121 5697 est,
1152 5633 1368 5686 meliori
1403 5634 1739 5696 absumeret,
1780 5644 1942 5704 teque
1990 5635 2140 5689 hami
2176 5636 2325 5704 abje-

734 5736 907 5782 t'llttn,
941 5739 1047 5777 una
1080 5740 1268 5780 secum
1309 5726 1602 5786 exaltaret,
1637 5741 1700 5779 ac
1737 5726 1791 5780 in
1825 5729 2068 5796 paternis
2096 5728 2321 5785 sedibus

733 5818 1137 5876 constituct'ct:
1181 5819 1247 5875 ad
1284 5836 1446 5891 quem
1507 5835 1723 5891 semper
1753 5825 1857 5875 vita
1894 5833 1944 5876 et
1978 5823 2318 5893 contempla-

2435 4616 2734 4686 δεέστερον.
2762 4615 2865 4681 Τὸν
2896 4614 2951 4666 δὲ
2981 4614 3388 4682 μυστικώτερον
3424 4611 3520 4660 καὶ
3543 4604 3906 4674 ὑψηλότερον,
3937 4601 4034 4669 ξη-

2436 4710 2660 4776 τήσειας
2684 4707 2749 4760 ἂν
2782 4708 2908 4775 παρ’
2945 4703 3108 4758 αὑτοῦ
3133 4701 3228 4755 τοῦ
3259 4700 3348 4754 διὰ
3381 4699 3439 4752 σε
3464 4695 3795 4756 κενωθέντος
3823 4696 4024 4761 Λόγου,

2436 4800 2526 4851 καὶ
2565 4801 2728 4869 σαρκὶ
2764 4797 3151 4868 παχυνθέντος,
3193 4795 3287 4847 καὶ
3328 4793 3448 4845 ὁλον
3473 4789 3654 4858 ἑαυτῷ
3685 4803 3745 4839 σε
3779 4785 3874 4838 διὰ
3909 4785 4024 4852 φιλ-

2435 4892 2751 4962 ανθρωπίαν
2777 4891 3101 4952 ἑνώσαντος.
3137 4888 3211 4941 Οὐ
3234 4890 3416 4956 χεῖρον
3439 4885 3495 4937 δὲ
3522 4883 3719 4945 εἰπεῖν,
3751 4879 3850 4932 καὶ
3872 4880 4024 4930 ὲναν-

2436 4983 2869 5054 θρωπισθέντος·
2909 4984 2974 5036 ἵν’
3001 4983 3122 5034 ὅλον
3161 4997 3217 5032 σε
3269 4976 3565 5044 θεοποιήσῃ
3600 4971 3677 5042 τῷ
3721 4969 4020 5038 πνεύματι,

2435 5078 2527 5129 καὶ
2560 5076 2904 5146 ὲνδαπανήσῃ
2931 5075 2991 5127 τὸ
3018 5075 3202 5144 χεῖρον
3227 5069 3305 5139 τῷ
3332 5067 3623 5138 κρείττονι,
3653 5063 3751 5117 καὶ
3775 5060 4020 5131 χαμόθεν

2434 5172 2610 5241 ἐαυτῷ
2642 5171 2932 5244 συνυψὼσῃ
2966 5188 3046 5234 σε,
3081 5170 3312 5229 καὶτοῖς
3373 5163 3660 5232 πατρικοῖς
3694 5156 4022 5227 ἐγκαθιδρὺ-

2433 5281 2500 5338 σῃ
2533 5282 2588 5317 σε
2632 5264 2863 5327 θώκοις·
2912 5263 3049 5334 πρὸς
3101 5263 3158 5315 ὃν
3195 5261 3282 5314 ἀεὶ
3335 5258 3424 5310 διὰ
3473 5257 3587 5326 βίου
3633 5252 3728 5306 καὶ
3780 5250 4018 5320 θεωρίας

2431 5357 2678 5425 καθαρᾶς
2707 5356 2933 5423 ἀνάγου.
2959 5356 3124 5417 θείοις
3166 5348 3666 5424 ὲμπολιτευόμενος
3700 5344 3796 5397 καὶ
3835 5341 4018 5408 λόγοις

2429 5451 2519 5502 καὶ
2550 5451 2704 5521 ῆθεσι
2725 5467 2738 5480 ·
2763 5450 2894 5501 Θεόν
2920 5466 2978 5500 τε
3013 5447 3154 5518 ὁρῶν
3175 5449 3296 5499 ὅσον
3322 5445 3566 5512 ἐφικτὸν,
3592 5439 3684 5490 καὶ
3710 5435 4013 5506 ὁρώμενος·

2426 5541 2485 5593 ὃν
2521 5541 2614 5593 καὶ
2648 5539 2979 5610 τρανοῧσθαί
3005 5555 3086 5590 σοι
3117 5538 3204 5590 ἀεὶ
3233 5537 3352 5597 ταῖς
3377 5531 3520 5586 κατὰ
3543 5529 3782 5599 θεωρίαν
3808 5525 4014 5594 ὲλλὰμο

2425 5636 2549 5704 ψεσι
2585 5633 2828 5700 ἐπείγου,
2882 5633 2975 5707 καὶ
3024 5633 3149 5694 ταῖς
3178 5628 3298 5682 κατ’
3327 5625 3531 5697 ἀρετὴν
3561 5620 3922 5684 ἀναϐάσεσιν,
3955 5620 4015 5670 ἵν’

2425 5727 2818 5798 ἀμφοτέρωθεν
2873 5727 2936 5778 ἐκ
2994 5725 3248 5796 πράξεως
3300 5721 3364 5791 δὴ
3413 5720 3560 5786 λέγω
3616 5716 3710 5769 καὶ
3752 5713 4013 5783 θεωρίας,

2428 5822 2608 5892 ἄρτιος
2650 5821 2763 5890 εἴης
2799 5822 2891 5873 καὶ
2920 5819 3144 5888 πάγιος·
3188 5818 3265 5880 εἰς
3293 5814 3459 5884 ἄνδρα
3491 5810 3664 5865 τελῶν
3693 5807 4008 5878 πληρὲστα·
