4176 6448
169 420 314 538 1109.
1153 428 1234 486 ΙΝ
1265 429 1655 487 SJUANNlS
1699 427 2350 487 DECOLLA'l‘lONENI.
3277 412 3413 479 1110

170 534 336 597 τυνξσ
372 539 451 600 εἰς
496 538 692 608 μέτρον
726 538 939 608 ήλικιάς
970 539 1059 591 τοῦ
1096 537 1353 609 Χριστοῦ.
1408 557 1423 587 ι
1453 534 1523 607 ’ῼ
1616 536 1740 600 δόξα

1875 539 1997 591 ione
2031 536 2234 589 munda
2269 537 2590 598 subvehere,
2640 535 2693 588 in
2726 535 2927 588 divinis
2969 543 3020 589 et
3068 535 3416 589 sermonibus

168 629 267 680 καὶ
292 629 352 680 τὺ
382 629 584 696 κράτος
614 630 692 689 εις
727 630 850 690 τοὺς
891 629 1091 692 αἰῶνας
1131 631 1237 680 τῶν
1257 627 1488 680 αἰώνων.
1534 628 1587 679 ’Δ
1599 629 1724 695 μήν.

1863 635 1890 677 :t
1925 627 2171 680 moribus
2204 641 2468 689 versans;
2513 641 2573 678 ac
2604 623 2796 686 Deum,
2847 636 3111 693 quantum
3151 626 3311 678 liceat
3335 625 3414 677 vi-

169 716 328 779 dens,
377 719 536 786 eique
561 719 801 772 vicissim
836 720 1018 782 visus,
1054 736 1212 790 quem
1246 729 1298 774 et
1335 721 1428 773 tibi
1462 720 1737 772 continuae
1777 719 2258 786 contemplationis
2293 718 2622 786 fulgoribus.
2687 719 3017 786 virtutisque
3087 718 3414 772 aseensibus

169 809 439 861 declarari
467 810 798 872 contendas;
845 821 902 862 ut
938 811 1215 878 tttrinque.
1263 809 1330 863 ab
1372 811 1606 866 actione,
1643 810 1885 876 inquam,
1939 815 1992 862 et
2025 809 2508 876 contemplatione.
2580 807 2855 874 perfectus
2927 819 2978 862 et
3050 811 3240 863 iii-mus
3313 809 3414 866 sis.

172 897 225 950 in
268 902 446 952 virum
481 901 856 967 plenissimum
891 912 1198 970 provectus,
1252 919 1270 952 ι
1328 902 1382 954 in
1419 915 1731 953 mensuram
1769 901 1944 955 etatis
1981 899 2184 952 Christi
2217 909 2256 950 τ.
2301 917 2317 948 ι
2352 899 2452 952 Cui
2492 899 2664 967 gloria
2698 911 2749 953 et
2786 908 3027 967 potestas
3097 902 3149 951 in
3219 900 3417 954 secula

170 991 518 1043 szeculorum.
561 993 754 1044 Airen.

782 1108 998 1160 ΛΟΓΟΣ
1030 1107 1128 1162 1Ε’.

306 1214 407 1279 Εἰς
438 1215 752 1285 ἀποτομὴν
778 1216 1060 1271 Ἰωάννου
1093 1219 1200 1272 τοῦ
1230 1221 1601 1287 Προδρόμου.

2433 1099 2686 1154 ORATIO
2727 1099 2811 1154 XV
2836 1142 2848 1154 .

2095 1213 2158 1268 In
2193 1217 2538 1278 prn'cursoris
2580 1213 2989 1265 Uecoliationem
3015 1213 3150 1280 (15).

1315 1328 1541 1388 ((ζυκοεῖ.
1569 1330 1766 1376 Auctar.
1793 1341 1904 1376 nov.
1933 1333 1967 1373 t.
1995 1326 2030 1382 1,
2056 1339 2106 1386 ρ.
2137 1324 2296 1384 1521.)

241 1432 393 1501 Πηδᾷ
426 1431 520 1483 καὶ
549 1430 730 1499 γῆρας
779 1430 854 1493 ὡς
884 1431 953 1483 τὰ
995 1431 1166 1484 πολλὰ
1218 1432 1531 1503 προθυμίας
1573 1434 1746 1496 τόνοις

172 1523 666 1595 νευροὺμενον,κα1
689 1523 846 1589 λόγος
872 1523 1106 1592 ἀσθενὴς
1125 1525 1610 1596 ἐπιρρώννυταιτῇ
1640 1545 1715 1578 πα

175 1617 396 1688 ραοήξει
427 1615 536 1666 τῶν
568 1615 855 1683 ἀκροατῶν
889 1615 1321 1685 δυναμούμενος.
1371 1619 1544 1672 Τοῦτο
1569 1661 1582 1681 ,
1613 1622 1748 1690 ὅπερ

173 1708 266 1760 νῦν
294 1711 320 1760 6
351 1707 620 1777 ἡμέτερος
649 1708 808 1774 λόγος
839 1712 1249 1778 παρυφίσταται
1270 1730 1282 1742 ο
1318 1714 1452 1782 πρὸς
1492 1715 1590 1783 μὲν
1622 1717 1750 1768 31:6-

174 1799 322 1852 οεσιν
341 1800 655 1868 ἐγκωμίων,
682 1801 786 1851 ὑπὸ
810 1791 916 1852 τῶν
949 1805 1380 1874 συνειλεγμένων
1403 1808 1745 1877 ὁρμώμενος·

178 1889 312 1958 πρὸς
371 1889 428 1940 δὲ
484 1890 584 1960 τὴν
630 1890 724 1943 τοῦ
771 1895 1256 1964 ὲγκωμιαζομένου
1309 1901 1613 1970 περιωπήν,
1650 1901 1748 1970 τὴν

174 1980 340 2032 αὑτοῦ
366 1982 767 2048 ἀντεπεξάγειν
790 1985 1212 2052 συστελλόμενος
1241 1987 1491 2057 δύναμιν.
1528 1992 1636 2042 Καὶ.
1674 2009 1691 2041 ι
1722 1994 1748 2043 ό

179 2074 276 2141 μὲν
317 2074 494 2139 λόγος,
553 2075 928 2138 ἀποστολικῶς
969 2078 1144 2130 εἰπεῖν
1171 2119 1184 2140 ,
1220 2079 1475 2150 ἀσθενὴς,
1518 2102 1536 2133 ι
1574 2084 1664 2136 καὶ
1692 2083 1749 2148 te

173 2166 615 2235 ἡρῤωστηκότων
667 2167 914 2235 όργάνων
944 2169 1403 2239 ὑποφωνοὺμενος
1435 2189 1447 2202 ο
1489 2174 1520 2241 ἡ
1557 2174 1614 2225 δὲ
1642 2174 1750 2226 τῶν

178 2257 468 2323 ἐγκωμίων
501 2257 755 2320 ὑπόθεσις
782 2298 795 2320 ,
827 2263 1066 2330 τοσούτῳ
1090 2262 1270 2314 πλεῖον
1298 2263 1412 2331 ἔχει
1439 2267 1577 2317 κατά
1612 2283 1749 2318 παν-

175 2347 266 2409 τὸς
300 2347 460 2414 λόγου
509 2350 576 2402 τὰ
603 2352 920 2420 νικητήρια,
957 2353 1067 2421 ὅσῳ
1098 2356 1192 2405 καὶ
1242 2355 1340 2423 τὴν
1371 2356 1644 2427 ὑπεροχὴν
1683 2361 1750 2429 τῇ

179 2439 318 2492 κατά
351 2441 641 2510 σύγκρισιν
668 2443 994 2511 παραθέσει,
1040 2443 1132 2498 τὸν
1161 2447 1204 2480 ⁷⁸
1250 2449 1309 2499 ὲν
1337 2452 1623 2519 γεννητοῖς
1653 2467 1753 2518 γυ-

178 2533 382 2585 ναικῶν
413 2537 862 2604 προσεκτήσατο·
903 2537 977 2599 ώς
1018 2539 1187 2608 μόνης
1219 2539 1312 2591 καὶ
1347 2541 1571 2610 πρώτης
1606 2545 1748 2596 Exsi-

178 2640 277 2692 νης
310 2623 521 2677 δεῖσθαι
555 2624 655 2693 τῆς
687 2625 871 2692 φωνῆς
895 2665 908 2687 ,
944 2626 1038 2678 τοῦ
1074 2630 1169 2681 καὶ
1213 2629 1434 2699 πρώτου
1464 2634 1557 2684 καὶ
1592 2635 1754 2700 μόνου

179 2717 320 2767 κατὰ
370 2715 532 2782 φύσιν
563 2717 853 2784 αὑτολόγου
877 2758 891 2779 ,
920 2720 1014 2772 καὶ
1045 2721 1230 2787 σοφίας
1259 2722 1395 2774 Θεοῦ
1417 2765 1432 2786 ,
1464 2725 1557 2775 καὶ
1593 2725 1756 2776 δυνά-

184 2822 352 2874 μεως.
419 2807 527 2858 Καὶ
579 2809 612 2876 ἡ
662 2809 759 2877 μὲν
812 2808 1072 2872 ὑπόθεσις
1114 2814 1373 2880 τοιαύτη,
1440 2815 1533 2866 καὶ
1585 2814 1757 2878 οὕτως

181 2896 376 2964 ἔχουσα
409 2912 422 2924 ·
459 2897 518 2949 τὺ
558 2898 614 2948 δὲ
647 2899 740 2950 τοῦ
775 2900 1049 2967 ἡμετέρου
1097 2903 1258 2969 λόγου
1305 2904 1529 2964 ἀσθενὲς
1558 2906 1758 2958 ὁπόσον

180 2988 326 3037 ἐστὶν
350 3026 364 3050 ,
391 2986 658 3040 δέδεικται
680 2989 873 3058 δήπου’
894 2987 967 3044 ὧν
992 2993 1022 3060 ἠ
1050 2993 1147 3060 μὲν
1181 2983 1270 3044 τὸν
1298 2996 1473 3062 μέγαν
1499 2999 1555 3046 ἐν
1573 3014 1759 3064 γεννη-

181 3080 288 3140 τοῖς
315 3078 593 3145 γυναικῶν
630 3081 884 3151 Ἰωάννην
924 3084 1055 3153 ἡμῖν
1079 3085 1416 3150 ὑποτίθεται.
1441 3082 1502 3140 οὗ
1537 3091 1760 3158 μείζονα

181 3171 288 3223 τῶν
321 3171 414 3222 ἀπ’
447 3172 643 3235 αἰῶνος
677 3173 867 3226 οὑδένα
899 3177 1276 3246 πατριαρχῶν,
1309 3178 1340 3247 ἢ
1376 3180 1695 3250 προφητῶν,
1725 3181 1757 3249 ἢ

181 3263 422 3326 δικαίων,
458 3266 485 3316 6
545 3268 809 3335 σωτήριος
859 3268 1176 3333 ἀπεφήνατο
1228 3269 1385 3336 λόγος
1411 3288 1424 3300 ·
1471 3273 1499 3322 6
1540 3271 1617 3334 δὲ,
1659 3273 1752 3324 τοῦ

185 3357 289 3423 πρδ
322 3353 534 3408 αἰώνων
571 3357 744 3424 Λόγου
772 3361 869 3428 τὴν
924 3363 1107 3430 φωνὴν
1140 3363 1517 3430 ἐγκωμιάζειν
1542 3364 1754 3433 ὲτῑχειο

186 3447 314 3517 ρῶν.
347 3447 487 3517 Πρὸς
531 3448 584 3499 δὲ
616 3451 712 3517 τὴν
755 3452 948 3503 ἑαυτοῦ
991 3453 1223 3519 δύναμιν
1260 3453 1480 3521 ἀφορῶν
1505 3494 1517 3515 ,
1559 3457 1755 3524 μικροῦ

183 3537 282 3603 τὴν
309 3536 516 3606 σιωπὴν
550 3539 765 3608 ἐκείνην
792 3541 1121 3604 ἀσπάζεται,
1155 3546 1221 3613 ῆν
1253 3546 1532 3614 Ζαχαρίας
1565 3548 1623 3598 ὲν
1647 3550 1758 3610 τοῖς

184 3627 402 3691 ἀδύτοις
444 3630 509 3682 δι’
541 3631 798 3686 ἀπιστίαν
829 3633 1136 3705 ὑφέστηκεν
1161 3677 1174 3699 ,
1210 3637 1314 3700 ἕως
1342 3639 1479 3708 αὑτὴ
1508 3639 1757 3708 προφθά-

187 3737 346 3786 σασα,
383 3723 478 3775 τοῦ
505 3725 772 3795 ἡμετέρου
803 3725 966 3794 λόγου
1002 3726 1140 3799 λύσῃ
1175 3729 1274 3800 τὴν
1301 3730 1534 3800 σιωπὴν,
1568 3731 1641 3793 ὡς
1673 3731 1760 3783 δν-

184 3831 291 3876 τως
328 3809 466 3868 οὖσα
513 3815 606 3868 τοῦ
653 3816 797 3870 κατά
845 3818 1009 3886 φύσιν
1055 3819 1228 3887 Λόγου
1258 3822 1446 3892 φωνή.
1502 3819 1674 3874 Δώσει
1705 3822 1760 3876 δὲ

183 3906 343 3959 τοῦτο
366 3909 585 3971 πάντως
616 3908 691 3972 ὼς
716 3911 890 3978 Λόγου
923 3913 1109 3982 φωνή·
1145 3915 1242 3982 οὑχ
1285 3913 1372 3965 ἵνα
1405 3914 1568 3976 αὑτὸς
1602 3913 1761 3966 πλέον

185 4017 238 4051 τι
287 3999 520 4070 δοξασθῇ
554 4001 705 4069 (ποία
734 4003 842 4072 γὰρ
874 4003 940 4055 ἃν
981 4005 1076 4057 καὶ
1120 4004 1450 4075 προστεθείη
1485 4005 1612 4069 δόξα
1638 4046 1652 4066 ,
1685 4004 1762 4075 τῷ

186 4090 427 4144 τοιοῦτον
477 4091 807 4164 πλεξαμένῳ
837 4096 990 4164 παρά
1043 4096 1253 4165 Κυρίου
1311 4096 1402 4148 τὸν
1454 4097 1759 4164 στέφανον,

184 4183 370 4235 όποῑον
400 4183 579 4247 οὐδεὶς
608 4185 856 4255 γηγενῶν
883 4187 1237 4257 ἀνεδήσατο),
1275 4187 1501 4241 ἀλλ’ἵνα
1549 4189 1763 4242 ἐκείνου

185 4276 300 4336 τοῖς
347 4275 667 4346 ἐγκωμίοις,
725 4278 888 4346 ἡμεῖς
946 4278 1085 4348 πρὸς
1141 4277 1762 4352 μίμησινὲναγώμεθα.

186 4364 359 4419 Τοῦτο
384 4369 492 4438 γὰρ
531 4367 777 4437 βούλεται
807 4409 820 4432 ,
853 4371 880 4421 6
910 4370 1036 4431 τοὺς
1065 4369 1385 4435 δοξάζοντας
1413 4370 1572 4422 αὑτὸν
1607 4369 1764 4436 διιξά-

187 4459 298 4520 ζων
321 4461 474 4524 Θεὸς,
500 4463 595 4514 καὶ
624 4464 748 4523 τοὺς
781 4461 942 4514 αὑτὸν
962 4461 1232 4529 ὑψοῦντας
1265 4462 1437 4530 ὑψῶν.

1931 1431 2047 1498 Ipsa
2084 1432 2248 1484 etiam
2285 1439 2544 1484 senectus
2578 1439 2632 1482 ut
2667 1431 2961 1498 pYurimum
2998 1431 3202 1488 exsilt.
3242 1448 3423 1498 ιιι-ηιμ-

1849 1533 1938 1592 ριι)
1977 1538 2040 1576 ac
2070 1522 2239 1574 alacri
2279 1521 2576 1575 roborante
2634 1523 2801 1572 animi
2859 1522 3077 1585 studio;
3134 1539 3424 1588 sei-nmque

1851 1615 2156 1668 imbecillus
2196 1612 2264 1666 ab
2294 1612 2606 1666 auditorum
2650 1613 2970 1665 incitatione
2994 1649 3008 1674 ,
3056 1612 3201 1665 vires
3230 1616 3426 1680 at'cipil

1851 1721 1912 1758 ac
1943 1705 2255 1759 roboratur.
2305 1703 2417 1758 lloc
2465 1706 2642 1773 ipsum
2679 1720 2822 1757 nunc
2853 1719 3071 1772 quoque
3101 1714 3292 1757 nostro
3324 1721 3424 1757 usu

1852 1797 2002 1849 venit
2033 1796 2310 1858 sermoni;
2342 1810 2502 1864 quem
2545 1795 2771 1848 collecta
2803 1795 3023 1864 quidem
3074 1809 3275 1847 corona
3333 1813 3428 1863 pro

1784 1867 1821 1920 Β
1853 1888 2034 1940 studio
2067 1901 2169 1940 suo
2201 1887 2266 1939 ad
2303 1886 2674 1938 laudationum
2707 1895 3087 1953 argumentum
3142 1887 3424 1954 impellat;

1849 1981 2051 2046 quique
2088 1979 2469 2040 nihilominus,
2502 1980 2620 2044 ejus
2658 1980 2750 2047 qui
2793 1977 3106 2029 laudandus
3163 1979 3429 2029 incumbit

1851 2072 2236 2139 speculationi,
2298 2086 2452 2124 suam
2507 2085 2570 2123 ex
2601 2071 2838 2123 adverso
2902 2069 3160 2121 virtutem
3193 2070 3430 2137 objieere

1852 2174 2126 2219 vereatur.
2177 2169 2250 2219 Ae
2276 2183 2445 2218 sermo
2484 2165 2712 2232 quidem,
2750 2175 2806 2216 ut
2836 2167 3082 2234 Apostoli
3123 2173 3144 2200 ⁸
3181 2181 3332 2218 more
3357 2166 3433 2216 Io-

1851 2271 2020 2324 quar,
2052 2257 2295 2323 inﬁrmus
2321 2267 2396 2309 est
2422 2257 2556 2325 (16),
2590 2257 2873 2324 fractaque
2903 2273 3034 2310 voce
3062 2274 3126 2310 ex
3161 2258 3432 2310 debilibus

1854 2349 2163 2404 Submissus
2193 2350 2416 2418 organis
2449 2368 2461 2403 :
2501 2349 2878 2403 encomiorum
2925 2359 3102 2402 autem
3139 2366 3431 2418 argumen-

1856 2450 1968 2496 tum
2010 2451 2165 2495 tanto
2198 2443 2432 2510 amplius
2483 2444 2592 2495 vim
2623 2457 2839 2496 omnem
2867 2445 3141 2496 sermonis
3189 2454 3432 2511 superat,

1856 2544 2064 2602 quanto
2099 2533 2189 2602 qui
2223 2535 2275 2586 in
2311 2534 2438 2586 illud
2467 2535 2815 2602 pmponitur,
2850 2534 3109 2603 majorem
3141 2552 3248 2604 pne
3294 2537 3436 2590 natis

1859 2627 2168 2688 mulierum,
2219 2628 2655 2696 comparationis
2711 2643 2865 2696 ergo,
2921 2629 3304 2680 excellentiam
3353 2636 3437 2680 est

1859 2730 2174 2772 asset-titus:
2199 2727 2255 2770 ut
2285 2718 2330 2772 is
2347 2719 2528 2788 plane.
2551 2719 2666 2774 sola
2696 2720 2980 2788 primaque
3002 2720 3088 2771 illa
3111 2731 3264 2786 egeat
3286 2736 3436 2780 νοω.

1859 2811 1978 2878 ejus
2014 2811 2108 2879 qui
2142 2812 2353 2879 primus
2387 2811 2648 2879 solusque
2680 2811 2859 2879 ipsum
2906 2819 2990 2865 est
3038 2821 3232 2864 natura
3262 2827 3355 2880 per
3379 2828 3438 2866 se

1861 2901 2123 2966 Verbum,
2160 2902 2365 2971 Deique
2400 2903 2690 2970 sapientia,
2733 2917 2795 2955 ae
2829 2903 3022 2956 virtus.
3073 2904 3249 2972 Atque
3293 2906 3438 2972 ejus-

1861 2991 2004 3044 modi
2030 2991 2249 3060 quidem
2279 3001 2364 3046 est
2403 3000 2809 3061 argumentum,
2845 3007 2907 3046 ac
2931 2994 3009 3047 sic
3044 2993 3290 3046 habens:
3342 3011 3440 3046 nn-

1869 3083 1971 3136 stri
2021 3090 2200 3136 autem
2235 3083 2507 3136 sermonis
2557 3082 2904 3137 imbecillitas
2947 3097 3148 3150 quamn
3200 3087 3288 3147 sit,
3340 3084 3441 3139 fuit

1871 3175 2064 3244 utique
2119 3184 2422 3229 ostensum.
2475 3176 2550 3229 Ac
2589 3184 2969 3243 argumentum
3033 3179 3281 3244 quidem,
3336 3195 3442 3230 ma-

1862 3266 2190 3336 gnumillum
2213 3266 2353 3319 inter
2368 3275 2521 3318 natos
2537 3266 3102 3321 mulieruniloannem
3121 3270 3372 3336 proponit
3395 3272 3436 3334 l;

1861 3372 1970 3425 quo
1995 3356 2200 3410 nullum
2222 3356 2480 3425 majorem
2503 3371 2530 3408 a
2556 3358 2752 3411 sazculo
2776 3359 2854 3410 vel
2881 3359 3336 3427 patriarcharum,
3365 3365 3440 3416 vel

1865 3451 2259 3520 prophetarum
2282 3459 2376 3503 aut
2394 3451 2692 3521 justorum.
2720 3453 2978 3507 salutaris
3005 3469 3184 3507 sermo
3200 3469 3440 3522 pronun-

1865 3543 2039 3609 tiavit;
2054 3558 2234 3597 sermo
2255 3545 2766 3612 autem,praeteterni
2783 3546 3069 3598 Sermonis
3091 3549 3235 3599 illius
3259 3563 3436 3601 vocent

1867 3633 2089 3688 lamlare
2107 3634 2447 3704 aggrediens,
2474 3643 2638 3703 atque
2657 3636 2720 3688 ad
2739 3651 2868 3690 suas
2885 3637 3183 3706 respiciens
3204 3640 3440 3701 vires,”-

1870 3727 1961 3781 lud
1980 3727 2383 3798 propemodum
2403 3729 2680 3783 silentium
2705 3730 3078 3798 amplectitur,
3108 3747 3216 3798 quo
3239 3730 3444 3784 Zacha-

1868 3821 1977 3873 rias
2000 3820 2052 3873 in
2070 3821 2245 3890 adytis
2260 3820 2530 3874 exsistens
2554 3834 2774 3891 propter
2794 3820 3224 3876 incredulitatem
3244 3825 3441 3875 multa-

1869 3919 1959 3964 tus
1982 3916 2091 3973 est,
2115 3909 2288 3964 donec
2315 3907 2504 3963 eadem
2531 3917 2780 3963 nostrum
2806 3925 3085 3979 occupans
3109 3927 3439 3972 sermonem,

1868 4003 2040 4057 nostri
2067 4003 2182 4070 ipsa
2207 4001 2558 4056 sermonibus
2588 4003 2872 4057 silentium
2899 4003 3096 4063 solvat,
3128 4019 3248 4072 qua:
3284 4003 3442 4058 Verbi

1871 4107 1966 4162 per
2007 4101 2259 4144 naturam
2333 4091 2512 4158 reipsa
2579 4107 2678 4143 vox
2745 4093 3062 4146 exsistat“.
3111 4094 3223 4145 Hoc
3283 4107 3444 4160 poi-ro

1871 4183 2112 4240 Joannes
2139 4193 2400 4253 tanquam
2429 4182 2590 4236 Verbi
2612 4199 2710 4236 vox
2745 4185 2969 4237 numine
2991 4185 3270 4252 praestabit
3294 4202 3306 4236 :
3337 4198 3443 4237 non

1873 4287 1934 4332 ut
1975 4276 2237 4342 maiorem
2305 4276 2419 4344 ipse
2452 4276 2676 4345 gloriam
2735 4284 3123 4345 consequatur,
3162 4278 3444 4343 (quienam

1869 4367 2013 4422 enim
2058 4367 2105 4420 ei
2137 4366 2308 4435 gloria
2342 4365 2659 4435 accesserit,
2693 4365 2779 4417 cui
2807 4380 2832 4416 a
2871 4364 3101 4418 Domino
3135 4367 3256 4418 talis
3319 4382 3448 4417 eon-

1870 4468 2019 4514 texta
2052 4461 2124 4513 sit
2179 4473 2406 4520 corona,
2467 4457 2616 4524 quali
2664 4472 2826 4510 nemo
2881 4472 3120 4526 unquam
3175 4461 3446 4526 terrigena

188 4554 477 4610 redimitus
529 4557 690 4619 fuit?)
740 4557 836 4610 sed
865 4565 922 4609 ut
953 4555 1075 4624 ejus
1115 4572 1214 4610 nos
1257 4556 1510 4610 laudibus
1557 4556 1622 4609 ad
1660 4557 2024 4610 imitationem
2084 4556 2434 4609 inducantur.
2502 4552 2615 4608 lloe
2644 4555 2789 4609 enim
2835 4553 2948 4608 vult
3007 4553 3170 4616 Deus,
3241 4553 3332 4620 qui
3389 4566 3448 4604 si:

183 4644 557 4716 glorificantes
612 4649 912 4718 glorilb-at;
972 4662 1036 4700 ac
1085 4662 1180 4702 eos
1209 4649 1431 4710 exaltat,
1474 4647 1566 4717 qui
1601 4648 1776 4716 ipsum
1818 4648 2082 4702 exaltant.

267 4812 286 4842 π
331 4804 528 4874 Eplies.
577 4806 774 4867 ".15.
856 4805 877 4833 ·
917 4809 956 4862 ιι
989 4810 1115 4864 Cor.
1151 4827 1204 4872 x,
1239 4812 1321 4876 ιο,

1407 4813 1646 4867 ‘Malth.
1681 4827 1756 4872 xl.
1797 4813 1883 4868 11.

1961 4819 1987 4846 ιι
2035 4811 2166 4865 Luc.
2201 4827 2240 4876 ι,
2277 4811 2370 4866 ‘20.

1512 4950 1744 5006 VARle
1778 4949 2208 5015 LECTIONES...

270 5033 310 5068 "
332 5053 420 5104 γρ.
449 5036 576 5092 τῶν.

1501 5175 1894 5232 COMBEFISII
1935 5178 2168 5234 ΝΟΤᾸΞ.

264 5267 377 5341 (15)
399 5267 582 5341 Latuit
614 5276 764 5326 tanta
791 5272 942 5340 spica
972 5273 1317 5341 colligentem
1356 5288 1531 5341 nuper
1558 5277 1764 5328 oratio-

186 5353 324 5414 num
353 5339 585 5393 Andreae
609 5341 971 5414 manipulum,
1003 5339 1168 5411 digna
1220 5344 1381 5414 plane
1408 5339 1529 5414 qua:
1593 5349 1769 5414 patio-

111 5431 120 5438 ·
185 5410 350 5494 ribus
380 5410 1237 5494 accenseaturJEdiderat’jam'
1273 5410 1633 5494 Lipomanus,
1691 5417 1773 5494 in-

187 5489 433 5548 terprete
489 5490 669 5534 tamen
729 5489 913 5539 minus
966 5497 1250 5549 accurato,
1303 5493 1362 5539 ut
1412 5500 1552 5539 nova
1589 5489 1772 5540 versio

186 5549 510 5622 adornanda
544 5551 733 5614 fuerit,
763 5567 870 5622 qua
919 5554 1022 5608 sibi
1075 5554 1609 5611 Andreamconarer
1650 5561 1773 5611 rcit-

184 5619 351 5692 dere,
378 5623 641 5692 acinagis
670 5619 1000 5692 exprimere.

269 5688 622 5771 (16)_Set_'lmo
682 5688 1002 5747 imbecillus.
1057 5694 1457 5771 id_Pa_ulus_de
1485 5699 1774 5771 praseplia

188 5763 485 5836 corporis;
513 5763 883 5836 iteseriiione,
916 5779 1024 5819 non
1053 5766 1287 5836 ἀσθενὴς
1344 5768 1439 5831 ait,
1487 5763 1589 5823 sed
1625 5768 1776 5833 ego-.-

187 5831 516 5902 οενημένος.
553 5831 678 5890 Vult
710 5836 1150 5904 contemptibilis.
1209 5831 1348 5891 Sunt
1382 5839 1561 5895 crebri
1592 5831 1772 5893 Patri-

1877 5277 1980 5332 bus
2015 5278 2157 5333 leves
2188 5280 2238 5332 lii
2272 5277 2642 5348 paralogismi.
2673 5278 2806 5332 Male
2838 5278 3108 5347 interpres
3136 5279 3187 5331 in
3218 5295 3449 5348 sequen-

1879 5349 2026 5419 tibus
2083 5351 2355 5416 expressit
2405 5351 2780 5418 metaphoram
2817 5368 2828 5401 :
2882 5348 2975 5401 Ἐκ
3015 5348 3122 5400 τῶν
3157 5351 3448 5419 ἠρῤωστη·

1880 5418 2052 5471 κότων
2077 5420 2324 5489 ὀργάνων
2383 5421 2835 5488 ὑποφωνούμενος
2869 5436 2882 5448 ·
2935 5418 3188 5489 contextu
3241 5435 3306 5472 ea:
3371 5418 3451 5472 in-

1881 5487 2217 5554 stramentis,
2250 5506 2366 5560 qua!
2396 5501 2519 5544 sunt
2550 5491 2706 5558 plane
2743 5490 2982 5553 debilia;
3019 5487 3170 5542 aliud
3209 5501 3356 5544 Certe
3396 5493 3448 5542 in

1886 5562 2130 5630 organis,
2156 5561 2463 5629 ὑποφωνεῖν
2504 5576 2834 5623 sermonem,
2891 5576 3053 5629 quam
3112 5571 3403 5614 contexere
3437 5582 3452 5615 :

1888 5623 2170 5692 nimirum,
2223 5623 2659 5684 stibmurnmrare
2692 5674 2705 5697 ,
2768 5623 3035 5685 submissa
3099 5647 3217 5684 voce
3251 5632 3453 5685 edere:
3520 5623 3536 5639 ⁸

1886 5705 2030 5774 quod
2057 5703 2264 5771 Optime
2290 5704 2339 5754 in
2369 5712 2706 5756 senectutem
2749 5702 3023 5774 congruit,
3072 5703 3138 5757 de
3199 5719 3304 5772 qua
3347 5703 3454 5757 hic.

1885 5771 2062 5827 iVolim
2100 5774 2312 5844 singula
2353 5774 2626 5844 prosi-qni.
