4176 6448
173 421 320 492 1113

1197 424 1279 483 IN
1305 425 1366 482 S.
1406 422 1724 484 JOANNIS
1747 421 2402 486 DECOLLATIONEM.

3273 416 3417 477 111‘
3431 425 3437 430 ’

176 539 430 608 ιννόησον
461 539 586 592 ὅσον
612 536 675 589 τὸ
727 535 890 605 μέσον
919 531 1128 586 ιδιώτου
1160 536 1255 585 καὶ
1290 532 1556 602 βασιλέως
1576 551 1590 564 ·
1623 533 1753 602 ἐρη-

1858 543 2124 604 quantum
2177 534 2406 589 intersit
2435 533 2581 586 inter
2620 545 2803 599 regem
2848 537 2901 582 et
2933 530 3246 598 privatum;
3277 527 3419 608 inter

177 629 336 698 μίτον
366 628 463 679 καὶ
489 623 766 689 mlta-r05,
801 624 896 677 καὶ
931 623 1114 686 πόλεις
1147 625 1242 675 καὶ
1264 622 1447 691 χώρας
1488 621 1751 691 δημαγω-

176 718 400 788 γοῦντος
428 719 491 770 ⁷⁸.

244 897 319 955 Ἦ
343 900 520 971 βούλει
549 899 668 953 τινά
687 899 794 953 τῶν
816 898 915 969 ήδη
943 898 1203 967 προδιαλα
1213 898 1469 967 μψάντων
1498 899 1556 950 ιν
1575 898 1755 967 νόμῳτ

173 995 267 1047 τοῦ
291 995 480 1063 ἀνδρὸς
517 993 611 1046 ἐπὶ
647 990 794 1061 ζήλῳ
843 990 1312 1059 προκαθηγήσθαι
1342 990 1522 1057 λέγειν
1553 989 1752 1057 Θερμό·

172 1101 357 1154 τερον;
402 1085 510 1147 ⁸ος,
533 1082 667 1152 φέρε
695 1083 889 1144 εἰπεῖν,
923 1082 1016 1132 τὸν
1054 1081 1227 1149 μέγαν
1255 1081 1465 1132 ἐκεῖνον
1492 1081 1550 1131 ὲν
1575 1079 1752 1144 ζηλω-

173 1177 294 1235 ταῖς
323 1173 530 1234 Φινεὲς.
566 1172 624 1233 ὃς
668 1171 746 1238 τῷ
793 1169 1126 1238 σειρομάστῃ
1165 1169 1286 1239 τὴν
1313 1168 1634 1222 Μαδιανϊτιν
1676 1167 1754 1237 τῷ

189 1264 491 1334 Ἰσραηλίτῃ
540 1261 1025 1331 συνεξεκέντησενς
1081 1260 1220 1312 Ἀλλ’
1264 1261 1364 1312 οὐκ
1398 1259 1489 1312 ῐσα
1516 1260 1583 1312 τὰ
1612 1261 1752 1329 πρά-

173 1371 360 1422 γματα
381 1394 394 1416 ,
427 1354 550 1406 οὐδὲ
601 1353 694 1405 ἐπὶ
724 1355 837 1413 τοῖς
867 1349 1075 1421 ὁμοίοις
1100 1353 1133 1421 ή
1166 1352 1436 1414 ἔνστασις.
1496 1351 1616 1403 Τῶν
1657 1351 1753 1419 μὲν

173 1445 282 1513 γὰρ
310 1444 358 1495 cl
393 1445 487 1496 καὶ
515 1444 595 1506 εἰς
626 1443 856 1505 πολλοὺς
894 1441 954 1494 τὸ
1007 1441 1174 1510 μῦσος
1204 1442 1473 1494 διέϐαινεν
1493 1458 1506 1472 ·
1543 1443 1657 1493 ἀλλ’
1691 1443 1750 1493 οὑ

172 1534 281 1586 τῶν
309 1534 606 1603 κατεξοχήν
633 1550 716 1597 τις
752 1529 842 1609 ἦν,
881 1531 966 1600 ἐφ’
989 1533 1047 1585 ὃν
1065 1535 1269 1595 ἐκεῖνος
1289 1533 1378 1587 τὸν
1403 1533 1563 1602 ζῆλον
1593 1534 1754 1585 ἐπαν-

174 1626 409 1679 ιτείνιτο
429 1642 442 1656 ·
472 1626 704 1680 ἐνταῦθα
739 1627 796 1680 δὲ
821 1667 837 1692 ,
881 1626 1153 1693 βασιλεύς.
1191 1625 1300 1678 Καὶ
1329 1626 1382 1678 τί
1407 1627 1513 1696 γὰρ
1543 1627 1693 1689 ἄλλο,
1719 1627 1750 1695 ἢ

173 1719 267 1771 ἐπὶ
295 1718 544 1789 γλώσσης
577 1719 762 1789 φέρων
803 1718 894 1770 τοῦ
929 1718 1163 1770 Θανάτου
1186 1717 1282 1786 τὴν
1312 1717 1513 1785 ψῆφον,
1549 1719 1643 1770 καὶ
1686 1717 1753 1770 δι’

1851 629 2134 680 eremitam
2186 635 2239 678 et
2289 625 2530 677 civitatis
2593 621 2929 693 principem;
2961 621 3103 672 inter
3148 632 3276 672 eum
3323 605 3418 686 qui

1852 720 2084 772 urbibus
2113 733 2176 772 ac
2210 717 2505 786 provinciis
2542 713 2891 767 demerendis
2941 709 3212 770 studeret,
3263 721 3418 761 euin-

1850 827 1957 879 que
1997 811 2091 879 qui
2128 812 2179 862 in
2217 806 2618 863 solitudinibus
2646 811 2860 872 ageret.

1922 901 2059 954 Num
2089 917 2276 969 quem.
2301 913 2456 963 rogo,
2485 911 2677 950 eorum
2710 895 2800 962 qui
2836 889 3182 958 antiquiores
3210 887 3264 940 in
3302 886 3422 954 lege

1852 993 2195 1053 claruerunt,
2254 992 2464 1058 primas
2506 988 2625 1038 viro
2667 995 2871 1052 partes,
2903 981 3022 1034 zelo
3071 975 3419 1038 ferventiori,

1853 1084 2204 1152 praeripuisse
2249 1079 2497 1132 dixeris?
2550 1075 2621 1130 Ut
2675 1075 2934 1128 nimirum
2972 1085 3232 1138 magnum
3266 1069 3420 1122 illum

1853 1174 2222 1227 aemulatorem
2279 1169 2511 1221 Phineus
2572 1179 2629 1229 ι,
2683 1165 2774 1230 qui
2826 1160 3260 1220 Madianitidem,
3313 1170 3423 1209 una

1853 1278 1976 1318 cum
2008 1262 2280 1322 Israelita,
2331 1260 2620 1312 siromaste
2655 1253 2926 1308 conlisit?
2977 1251 3180 1305 Verum
3211 1264 3299 1302 res
3323 1249 3425 1300 im-

1855 1370 2015 1424 pares
2042 1364 2192 1414 sunt,
2239 1365 2337 1403 nec
2382 1350 2663 1403 contentio
2701 1348 2752 1398 in
2799 1343 3076 1397 similibus
3130 1341 3252 1393 fuit.
3288 1338 3420 1391 Nam

1854 1446 1965 1499 illic
2007 1445 2253 1513 quidem,
2310 1443 2410 1494 t-tsi
2466 1440 2530 1493 ad
2577 1438 2780 1490 multos
2829 1435 3010 1488 scelus
3058 1440 3420 1500 pervenerat,

1856 1538 1998 1593 haud
2054 1547 2256 1594 tamen,
2311 1536 2364 1586 in
2416 1547 2575 1600 quem
2607 1531 2698 1584 ille
2738 1543 2897 1580 suum
2952 1526 3127 1578 zelum
3167 1522 3422 1586 intendit,

1853 1631 2090 1684 eximius
2152 1627 2375 1694 aliquis,
2417 1639 2480 1678 ac
2525 1620 2844 1692 praecellens
2897 1623 3037 1669 erat.
3076 1613 3174 1667 llic
3219 1621 3425 1677 autem,

1857 1737 1949 1775 rex
1978 1739 1990 1773 :
2023 1719 2153 1789 quid
2182 1733 2312 1771 vero
2343 1716 2493 1769 aliud
2546 1714 2652 1768 nisi
2689 1713 2744 1765 in
2788 1711 2972 1778 lingua
3017 1706 3216 1759 mortis
3247 1703 3427 1757 ferens

173 1810 429 1876 ἀφορμῆς
462 1809 762 1861 πνευστιιῖη
788 1800 897 1860 τῶν
929 1808 1035 1860 ὑπὸ
1077 1809 1237 1877 χεῖρα
1259 1807 1352 1858 τὸν
1379 1807 1576 1874 φόνονς
1613 1808 1677 1858 Τί
1699 1807 1755 1860 δὲ

1860 1813 2213 1873 sententiam,
2271 1817 2438 1876 atque
2484 1807 2714 1860 minima
2764 1801 3083 1861 occasione,
3131 1798 3337 1850 credem
3369 1797 3424 1848 in

171 1895 466 1964 όζηλωτὴς
498 1896 528 1946 ό
563 1897 737 1964 μέγας
769 1897 976 1958 ἐκεῖνος
1028 1894 1234 1956 Ἠλίας,
1268 1897 1453 1964 φησὶν,
1481 1899 1507 1948 ό
1550 1897 1751 1964 τέτρω-

178 2002 269 2054 ρον
314 1985 470 2053 ἃρμα
497 1988 666 2056 πυρὸς
691 1987 912 2050 ἐλάσας,
957 1988 1051 2040 καὶ
1079 1987 1220 2057 ὑπὲρ
1244 1987 1346 2055 γῆν
1396 1987 1585 2056 ἀρθεὶς
1629 1989 1752 2039 ἐπι-

169 2074 381 2142 δίφριος
400 2089 412 2102 ·
451 2075 665 2145 οὐρανῷ
696 2075 794 2144 μὲν
822 2076 1038 2147 χαλινὸν
1063 2075 1270 2138 mea;
1305 2075 1609 2144 ἀνομϐρίας
1633 2076 1753 2126 ὲπέ-

171 2183 360 2222 τασιν·
397 2171 467 2238 γῇ
489 2168 546 2220 δὲ
568 2207 582 2230 .
635 2167 792 2237 λιμὸν
827 2166 1189 2236 τριετίξοντα,
1244 2169 1338 2219 καὶ
1382 2167 1599 2236 κράζων
1634 2167 1749 2219 ἀεί’

181 2279 198 2311 ι
239 2260 428 2329 Ζηλῶν
472 2259 723 2325 ἐζήλωσα
752 2259 827 2329 τῷ
854 2260 1082 2332 Κυριῳς
1118 2279 1136 2311 ι
1179 2259 1273 2312 καὶ
1298 2260 1412 2321 πῶς
1447 2259 1618 2327 Θυμδν
1654 2276 1752 2327 γυ·

175 2352 362 2415 ναικὸς
392 2353 493 2405 οὐκ
527 2351 788 2420 ινεγκὼν,
822 2353 919 2420 τὴν
944 2353 1237 2420 φυγαδείαν
1263 2353 1337 2414 ὠς
1367 2353 1502 2404 ἰδίαν
1537 2355 1749 2416 ἑστίαν,

124 2502 147 2525 ’
174 2445 270 2496 καὶ
296 2443 394 2512 τὴν
416 2443 620 2514 ἔρημον
643 2444 718 2509 ὼς
741 2444 895 2496 πόλιν
916 2443 1223 2509 turrigero;
1249 2443 1510 2504 Γυναικὸς
1532 2443 1752 2505 όποίας;

179 2534 469 2606 μαχλώσης
491 2551 503 2564 ·
532 2536 942 2605 θυτομανούσης
963 2551 974 2563 ⁸
1013 2529 1079 2605 ἦς
1098 2535 1159 2587 τὸ
1183 2535 1366 2597 σέϐας,
1397 2535 1589 2587 εἴδωλα
1606 2551 1617 2566 ·
1646 2535 1756 2588 θεοί

173 2644 234 2680 τε
267 2629 359 2680 καὶ
386 2627 660 2696 δαίμονες,
694 2628 755 2679 τὸ
783 2627 1262 2697 προσκυνούμενον
1295 2623 1363 2697 ἦν
1386 2642 1399 2656 ·
1444 2627 1543 2680 ὅσα
1577 2644 1633 2678 τε
1665 2631 1756 2680 καὶ

174 2717 258 2783 οἷς
289 2721 409 2773 τότε
435 2721 525 2772 τὸν
557 2721 772 2789 Ἰσραὴλ
806 2720 1114 2789 ἐξήμαρτεν
1145 2722 1177 2788 ή
1201 2720 1542 2788 τριτάλαινα.
1589 2720 1757 2772 Ἀλλὰ

179 2814 345 2883 μέχρι
375 2812 529 2865 τοῦδε
551 2812 728 2874 καλῶς
755 2814 885 2882 ἡμῖν
908 2814 937 2865 ό
959 2813 1116 2879 λόγος
1146 2811 1374 2882 τρέχων,
1401 2813 1649 2882 ζηλωτὴν
1667 2813 1757 2865 τὸν

191 2906 446 2976 Ἰωάννην
476 2904 814 2975 παρέδειξεν,
844 2907 1090 2975 κρεῖττον
1116 2904 1149 2975 ἢ
1175 2905 1298 2966 τοὺς
1330 2905 1751 2975 προειληφότας·

177 2994 302 3046 ὅσον
353 2995 403 3047 al
445 2996 543 3064 μὲν
590 2995 969 3065 ἀπροόρατον·
1002 2997 1029 3047 ὁ
1061 2995 1117 3048 δὲ
1169 2996 1417 3065 προφανῆ
1443 3036 1458 3058 ,
1507 2997 1599 3048 καὶ
1638 2997 1755 3048 κατ’

176 3083 489 3153 ὀφθαλμοὺς
518 3079 633 3154 εἶχε
656 3087 748 3140 τὸν
789 3086 1037 3141 θάνατον.
1089 3087 1231 3139 Ἀλλ’
1278 3089 1566 3165 ἐρήσονται
1616 3090 1756 3159 τάχα

1859 1905 2109 1961 subditos
2140 1902 2400 1971 spirans?
2448 1901 2518 1953 At
2561 1911 2796 1967 magnus
2837 1894 2928 1948 ille
2986 1891 3193 1945 zelator
3221 1887 3370 1939 Elias'
3397 1893 3426 1933 1

1857 1997 1988 2067 quid
2042 1995 2154 2048 ait?
2186 1994 2277 2064 qui
2313 1993 2524 2061 igneam
2557 1988 2879 2058 quadrigam
2938 1983 3131 2053 egerit,
3175 1995 3237 2032 ac
3260 1991 3426 2030 curru

1858 2090 2112 2145 sublimis
2161 2103 2189 2140 a
2253 2094 2399 2139 terra
2452 2083 2703 2136 sublatus
2743 2081 2850 2140 sit;
2898 2076 2988 2145 qui
3026 2074 3167 2127 ccelo
3206 2069 3428 2139 quidem

1856 2191 1915 2234 ut
1963 2195 2032 2233 ne
2065 2179 2328 2232 diuturno
2380 2185 2628 2242 tetnpore
2676 2173 2908 2238 plueret,
2957 2166 3173 2219 frenum
3207 2161 3431 2229 iujeciso

1857 2281 1936 2325 set
1971 2281 2032 2336 ις
2071 2280 2232 2323 terrae
2269 2283 2424 2331 vero,
2477 2265 2649 2317 trium
2702 2273 2974 2314 annorum
3010 2257 3206 2309 famem
3247 2251 3429 2306 immi-

1857 2365 2019 2417 sisset
2048 2381 2062 2427 ;
2095 2362 2186 2430 qui
2217 2361 2351 2413 illud
2406 2372 2624 2426 semper
2658 2355 2955 2408 clamaret:
2992 2367 3008 2399 ι
3049 2349 3244 2401 Zelans
3283 2346 3430 2398 zela-

1858 2465 1947 2508 tus
1977 2470 2096 2508 sum
2144 2453 2375 2507 Domino
2410 2453 2475 2504 ﬁ?
2506 2469 2524 2500 ι
2578 2457 2632 2502 et
2686 2446 2780 2515 qui
2826 2445 2913 2495 ille
2946 2449 3158 2501 tantus,
3211 2453 3317 2489 non
3347 2435 3430 2489 fe-

1858 2562 1984 2600 rens
2013 2545 2262 2598 mulieris
2294 2544 2431 2596 iram
2461 2581 2475 2600 .
2516 2540 2770 2591 exsilium
2824 2549 2889 2588 ac
2928 2533 3133 2600 fugam,
3167 2537 3429 2596 tanquam

1858 2637 2111 2706 proprios
2165 2636 2350 2693 lares,
2420 2628 2912 2693 solitudinemquc,
2964 2621 3106 2673 haud
3172 2633 3332 2673 secus
3366 2632 3431 2670 ac

1857 2731 2130 2780 civitatem
2171 2720 2644 2793 amplectebatur?
2669 2716 2971 2786 Cuiusnam
2993 2728 3127 2766 vero
3151 2709 3432 2763 mulieris?

1859 2818 1989 2882 Ejus
2022 2816 2280 2869 nimirum
2329 2827 2449 2880 qua:
2500 2809 2790 2862 libidinosa
2843 2811 3023 2864 esset;
3055 2816 3176 2869 quae.
3215 2797 3430 2854 sacrifi-

1858 2912 2068 2962 ciorum
2099 2905 2488 2974 superstitione
2507 2899 2969 2956 eﬂ'usainsaniret
2989 2895 3124 2963 (18);
3152 2889 3432 2957 qnaaidoln

1859 2999 2081 3060 coleret,
2108 2996 2350 3059 deosque
2384 3005 2447 3045 ac
2492 2994 2770 3042 dminones
2811 2987 3099 3039 adorat-et:
3147 2985 3196 3035 in
3233 2982 3437 3050 quibus

1860 3093 2025 3145 etiam
2061 3089 2189 3142 fecit
2215 3082 2595 3141 infelicissima
2629 3080 2844 3137 mulier,
2873 3089 2925 3129 ut
2954 3076 3120 3130 Israel
3158 3081 3434 3144 perearct.

177 3174 289 3229 τῶν
315 3175 611 3246 φιλιόρτων
642 3171 808 3240 τινές
838 3178 902 3230 Tl
932 3178 1182 3248 βούλεται
1210 3179 1285 3250 τῷ
1309 3180 1453 3248 λόγῳ
1477 3183 1755 3252 παρρησία

1864 3180 2068 3233 Verum
2121 3179 2390 3230 hactenus
2446 3174 2664 3242 quidem
2719 3171 2857 3223 bene
2903 3169 3202 3221 decurrens
3261 3165 3438 3217 oratio

179 3268 275 3320 καὶ
290 3266 479 3338 ζῆλος,
519 3263 628 3320 οἷόν
658 3285 742 3331 τις
771 3269 974 3338 κόσμος
1007 3269 1305 3339 πολυτελής
1331 3288 1388 3323 τε
1419 3274 1513 3323 καὶ
1561 3273 1759 3342 εὐπρε-

180 3361 310 3429 πὴς,
331 3360 430 3431 τὴν
472 3361 731 3430 πανίερον
760 3361 1158 3430 ὲπιστεφανοῦν
1206 3361 1300 3414 τοῦ
1331 3363 1636 3416 Βαπτιστοῦ
1670 3381 1760 3416 κε-

183 3450 395 3521 φαλὴν.
427 3450 510 3514 ’ὡς
551 3451 937 3522 ιπιλειποὺσης
987 3455 1150 3523 τύχον
1190 3455 1570 3521 ὲπιδοξοτὲρας
1615 3456 1761 3518 τινὸς

183 3537 422 3611 ἀρετῆς,
461 3540 493 3610 ἢ
548 3537 804 3611 πράξεως
872 3544 1272 3613 άποσεμνύνειν
1315 3546 1622 3615 δυναμένης
1664 3547 1758 3599 τοῦ

182 3633 390 3701 Κυρίου
420 3634 512 3684 τὸν
536 3632 884 3702 Πρόδρομον;
932 3635 1038 3686 Καὶ
1065 3635 1149 3697 τίς
1195 3635 1368 3697 οὕτως
1400 3637 1759 3707 ὑπερπλήρης

178 3724 427 3795 ἀρετῶν.
457 3724 534 3787 ὡς
577 3725 830 3794 Ἰωάννης
873 3727 1116 3797 σήμερον
1151 3730 1180 3780 ό
1240 3728 1431 3797 μέγας,
1487 3729 1544 3792 ὃς
1600 3734 1758 3798 μόνος

179 3819 400 3871 πάντων
429 3820 486 3870 ἑν
516 3820 792 3888 γεννητοῖς
813 3820 1112 3886 γυναικῶν,
1134 3820 1313 3891 ἱερεύς
1347 3838 1401 3873 τε
1435 3823 1528 3873 καὶ
1555 3823 1759 3874 Βαπτι-

183 3909 316 3979 στὴς
346 3911 676 3979 προεκρίθη,
700 3909 793 3962 τοῦ
824 3911 985 3978 μόνου
1025 3892 1121 3963 καί
1147 3910 1365 3981 πρώτου
1404 3913 1754 3981 Ἀρχιερέως,

179 4003 276 4054 καὶ
331 4003 540 4064 πάντας
586 3988 940 4073 καθαίροντος
994 4005 1269 4073 πνεύματι
1339 4006 1433 4057 καὶ
1488 4006 1619 4074 πυρὶ
1666 4006 1759 4057 τοῦ

181 4091 601 4161 βαπτίσματοςς
661 4091 818 4161 Εἷχεν
869 4095 991 4162 μὲν,
1041 4094 1340 4161 ἀγαπητοὶ,
1387 4094 1586 4155 πολλὰς
1652 4095 1762 4146 τῶν

194 4183 442 4236 Ἰωάννου
474 4185 915 4254 κατορθωμάτων
937 4188 1036 4248 τὰς
1065 4185 1350 4247 ὑποθέσεις
1370 4189 1397 4238 ὁ
1425 4187 1582 4252 λόγος
1603 4202 1616 4216 °
1646 4186 1762 4238 ἀλλ’

178 4276 441 4349 οἰδ-σχολή
479 4294 544 4345 γε
577 4277 678 4347 τὴν
708 4278 990 4347 ήμετέραν
1027 4279 1263 4344 ἀφέντας
1298 4278 1590 4341 ὑπόθεσιν,
1627 4278 1763 4348 πρὸς

181 4367 316 4420 ἄλλα
349 4367 444 4419 νῦν
470 4367 767 4438 ἐκδραμεῖν
787 4384 800 4396 °
835 4369 918 4421 ὅτι
947 4370 1021 4438 μὴ
1055 4370 1216 4438 νόμος
1243 4370 1536 4437 ἐγκωμίων
1583 4365 1756 4432 οὗτος.

195 4456 340 4526 Ἐγὼ
362 4459 440 4524 δὲ,
468 4459 546 4529 τῷ
573 4461 851 4530 ἀνεφίκτῳ
875 4462 1285 4530 παραχωρήσας
1311 4460 1420 4513 τῶν
1446 4443 1773 4530 προσόντων

1862 3272 2128 3326 Joannem
2186 3267 2424 3322 ostendit
2475 3249 2762 3317 meliorem
2799 3260 3170 3313 aemulatorem
3220 3258 3286 3309 iis
3339 3257 3436 3322 qui

1870 3370 2298 3434 prtecesserunt,
2358 3359 2499 3426 quod
2545 3357 2623 3408 illi
2659 3355 2876 3422 quidem
2929 3353 3314 3418 improvisam,
3349 3350 3438 3400 hic

1864 3472 1992 3510 vero
2046 3453 2392 3508 manifu'stam
2434 3458 2487 3502 et
2522 3457 2646 3501 ante
2671 3447 2860 3501 Oculos
2921 3452 3149 3495 mortem
3187 3442 3434 3494 haberet.

1861 3549 2127 3601 Creterum
2175 3551 2366 3612 rogent
2420 3541 2560 3594 forte
2608 3539 2805 3592 devoto
2859 3536 3024 3604 aliqui
3082 3532 3436 3587 infestorum

1865 3641 2072 3708 cultum
2127 3630 2387 3689 habentes
2435 3633 2641 3690 animo,
2688 3631 2816 3699 qttid
2855 3629 2907 3682 id
2959 3629 3084 3679 velit
3128 3639 3345 3686 sermo;
3380 3636 3440 3677 ut

1867 3729 2124 3797 loquendi
2159 3730 2248 3780 illa
2284 3727 2535 3778 libertate
2569 3739 2630 3775 ac
2665 3725 2802 3783 zelo,
2841 3737 2938 3773 ceu
2975 3719 3266 3787 magnifico
3299 3733 3438 3784 quo-

1865 3821 2011 3878 dam.
2030 3834 2090 3872 ac
2113 3818 2320 3886 perpult
2340 3817 2442 3869 hro
2468 3820 2814 3872 ornamento,
2837 3819 3131 3864 coronetur
3152 3822 3443 3861 sacrosan-

1867 3923 2016 3964 ctum
2076 3909 2330 3977 Bupti~ttl3
2384 3903 2570 3974 caput,
2631 3906 2778 3957 velut
2844 3901 3026 3954 forsan
3077 3898 3222 3952 desit
3267 3899 3443 3951 virtus

1870 4005 1997 4066 alia,
2031 4002 2247 4054 artiore
2281 3999 2590 4068 gloriosior,
2642 4012 2762 4064 quae
2799 3994 3008 4046 Domini
3043 3992 3441 4045 Pi'aacursorezu

1873 4092 2049 4162 possit
2110 4089 2450 4144 honestare?
2510 4087 2711 4156 Ecquis
2771 4099 2900 4139 vero
2949 4098 3101 4150 reque
3149 4082 3444 4134 virtutibus

1872 4198 2039 4251 supra
2097 4185 2318 4236 modum
2374 4181 2595 4251 plenus,
2633 4187 2798 4245 atque
2842 4189 3074 4244 magnus
3105 4173 3268 4227 hodie
3296 4173 3439 4224 rele-

1872 4274 2112 4328 brandus
2157 4272 2423 4337 Joannes,
2479 4271 2571 4341 qui
2631 4269 2785 4323 solus
2842 4268 2985 4320 inter
3036 4280 3227 4318 omnes
3284 4273 3443 4316 natos

1797 4369 2165 4456 l)uiulierum
2243 4365 2362 4434 ejus
2432 4362 2698 4419 sacerdos
2781 4374 2844 4414 ac
2903 4357 3149 4426 Baptista
3232 4356 3446 4409 elei-tus

1869 4459 1972 4510 fuit
1998 4457 2132 4527 (19),
2171 4458 2264 4525 qui
2300 4457 2452 4512 solus
2499 4471 2561 4510 ac
2609 4455 2824 4525 primus
2862 4447 3122 4505 Pontifex
3183 4458 3290 4509 est,
3326 4449 3450 4515 qui-

258 4648 284 4676 ι
311 4634 475 4690 Num.
509 4652 638 4701 xxv,
674 4637 728 4690 7.
805 4645 832 4684 1
864 4635 929 4690 IV
957 4637 1089 4706 Reg.
1135 4652 1193 4699 ιι,
1226 4637 1313 4692 ll.
1393 4591 1511 4690 lll
1551 4637 1678 4708 Reg.
1703 4651 1809 4690 xvu
1840 4640 1886 4693 l.
1964 4653 1989 4681 ι
2024 4641 2084 4694 Ill
2121 4643 2253 4711 lteg.
2295 4654 2404 4702 ιιι,
2438 4638 2524 4691 M.

1473 4751 1707 4805 VARIAS
1749 4752 2148 4811 LECTIONES.

256 4844 303 4878 "
326 4845 488 4900 λειπ.
521 4845 607 4901 ῑσ.
641 4843 736 4897 τοῦ
770 4846 826 4897 ὲν
851 4845 1075 4914 ἐρήμοις
1111 4843 1410 4912 διάγοντος.

1514 4959 1895 5016 COMBEFISII
1942 4961 2168 5017 ΝΟΤᾹΞ.

189 5053 351 5107 στοῦ·
385 5051 536 5107 Inter
582 5052 888 5110 bellatorem
927 5073 944 5109 :
979 5061 1096 5109 erat
1143 5055 1389 5110 Herodes
1436 5062 1755 5121 utrumque.

186 5126 283 5179 Τὸ.
330 5122 816 5192 δημαγωγοῦντας,
866 5126 1070 5191 Optime
1106 5126 1342 5193 quadrat
1388 5126 1440 5177 in
1490 5124 1758 5178 Herodem

187 5196 507 5266 Agrippam,
549 5197 641 5263 qui
678 5194 779 5248 fuit
834 5199 1018 5266 populi
1067 5199 1154 5248 sui
1187 5212 1249 5248 ac
1286 5195 1600 5248 Iudaeorum
1640 5205 1760 5266 stu-

187 5265 558 5330 diosissimus,
592 5281 716 5319 vere
751 5263 1031 5334 πολιστής.
1061 5268 1151 5334 qui
1182 5267 1598 5320 lttheutissimus
1638 5263 1761 5317 Hie-

187 5335 486 5404 rOsolymis
532 5345 734 5404 ageret,
766 5338 855 5390 ubi
907 5336 1264 5404 frequentiori
1304 5338 1588 5388 hominum
1624 5351 1759 5387 cou-

105 5409 120 5421 ‘
189 5419 380 5475 cursu.
419 5419 547 5459 suos
603 5407 980 5461 demereretur
1034 5408 1348 5475 populares,
1385 5409 1460 5458 uti
1515 5407 1761 5475 pluribus

186 5473 483 5540 Iosephus,
531 5484 585 5526 et
631 5477 767 5530 alii:
817 5480 930 5531 haec
979 5473 1158 5529 tamen
1212 5477 1482 5533 Andreas.
1517 5473 1646 5528 ἰιυη
1697 5475 1762 5528 de

190 5546 310 5604 illo.
347 5547 438 5597 sed
471 5545 538 5598 de
572 5544 784 5601 Herode
813 5547 1008 5612 Antipa
1062 5545 1355 5606 deceSsoi-e
1380 5547 1534 5609 dicit,
1584 5561 1612 5597 a
1653 5561 1763 5613 quo

188 5614 458 5688 Joannes
484 5617 671 5670 libera:
731 5618 1174 5686 reprehensionis
1225 5618 1530 5688 premium,
1565 5619 1763 5686 capitis

191 5686 572 5756 amputatioue
602 5688 835 5756 accepit.

260 5755 372 5824 με)
417 5755 548 5821 Quae
586 5755 975 5822 sacriﬁciorum
1011 5758 1381 5825 superstitione
1404 5757 1575 5825 effusa
1617 5757 1767 5809 iusa-

191 5827 352 5886 κεῖθι,
393 5825 843 5900 Θυτομανούσηςο
909 5829 1183 5900 interpres
1233 5828 1517 5900 Lipomaui
1553 5829 1767 5883 videtur

1869 5056 2070 5123 legisse.
2111 5054 2557 5124 θυμομανοῦσης,
2591 5069 2718 5109 cum
2750 5052 2953 5115 reddit,
2991 5053 3175 5123 furore
3214 5057 3454 5123 percittz.

1871 5126 1974 5179 Sed
2024 5127 2272 5192 ieiunius
2308 5127 2431 5185 h0r,
2469 5135 2526 5176 ut
2576 5135 2629 5179 et
2663 5126 2770 5179 alia
2810 5127 2987 5191 plura.
3035 5124 3294 5178 Nostrum
3346 5127 3452 5181 hoc

1868 5197 2135 5263 Optimum
2197 5211 2259 5249 ac
2297 5211 2670 5263 consequens,
2722 5196 3098 5264 historieque,
3148 5208 3459 5250 cons-nta-

1871 5283 2054 5329 ueutu,
2083 5267 2356 5334 siquidem
2383 5265 2598 5320 Jezahel
2647 5275 2795 5319 tanta
2830 5268 2908 5317 ira
2938 5267 2989 5318 in
3029 5265 3199 5318 Eliam
3232 5282 3458 5319 exarse-

1869 5345 1986 5397 rat,
2037 5338 2106 5390 ob
2162 5346 2384 5391 necatos
2427 5338 2723 5405 prophetas
2775 5351 2929 5394 suos.
2991 5354 3054 5389 ac
3113 5337 3463 5391 sacriﬁculos

1869 5405 2029 5465 Baal;
2060 5423 2120 5460 ea
2156 5424 2278 5461 vere
2310 5407 2709 5460 sacrificiorum
2747 5408 3147 5473 superstitione
3181 5408 3397 5460 insana.

1941 5477 2052 5546 (l9)
2106 5476 2236 5545 Ejus
2269 5480 2518 5531 sacerdos
2554 5494 2615 5530 ac
2653 5477 2902 5542 Baptista
2937 5475 3462 5542 electus.Perperatn

1870 5548 2147 5619 interpres
2189 5549 2478 5619 Lipoutani
2513 5565 2525 5600 :
2565 5550 2642 5599 Ab
2695 5565 2756 5600 eo
2789 5548 2988 5600 electus
3039 5549 3140 5614 {uit
3189 5548 3462 5619 sacerdos.

1874 5618 2026 5672 Hand
2067 5617 2225 5672 'certe
2283 5619 2386 5671 hoc
2443 5617 2680 5672 Joannis
2734 5619 3016 5685 singulare
3069 5618 3463 5685 privilegium;

1877 5688 2189 5756 falsumque
2224 5705 2346 5742 eum
2383 5691 2560 5741 solum
2595 5705 2621 5742 a
2665 5687 2772 5741 Deo
2805 5691 3040 5742 electum
3089 5688 3462 5741 sacerdotem.

1875 5757 2133 5826 Nunquid
2165 5759 2310 5812 enim
2353 5758 2535 5811 Aaron
2572 5775 2676 5812 non
2709 5774 2736 5810 a
2766 5756 2874 5812 Deo
2909 5760 3120 5812 electus
3160 5766 3243 5811 est
3276 5772 3468 5812 sacer-

1876 5829 2022 5886 dos?
2054 5827 2308 5900 Nunquid
2335 5845 2441 5884 non
2473 5830 2708 5899 apostoli
2749 5828 2969 5884 fuerunt
2999 5846 3026 5884 a
3050 5829 3272 5885 Christo
3305 5827 3466 5883 electi
