4176 6448
792 401 930 464 1115

1957 414 2020 477 S.
2046 415 2373 476 ΑΝΒΒΕΕ
2413 417 2834 478 CRETENSIS

3902 411 4046 475 1116

781 525 888 577 que
923 526 1114 567 omnes
1161 522 1360 584 purgat
1406 516 1457 570 in
1491 519 1710 586 spiritu,
1741 533 1805 575 ac
1848 521 1958 591 igni
2001 522 2028 562 δ
2054 522 2339 592 baptisma-

2451 527 2644 596 txslwp
2669 525 2923 595 μεγάλων
2942 541 3000 578 τε
3034 527 3127 577 καὶ
3150 522 3445 592 ὑπερφυῶν
3471 522 3898 592 γνωρισμάτων.
3930 524 4046 578 tsi-iv

781 603 894 655 tis?
929 601 1104 658 Habet
1151 608 1397 674 quidem,
1459 609 1828 676 dilectissimi,
1889 615 2089 678 oratio,
2126 617 2339 670 multan'

2453 633 2505 668 τι
2537 616 2733 683 μικρὸν
2785 615 3004 685 ἥδυσμα
3046 614 3360 679 προσθεῖναι
3398 612 3507 664 δεῖν
3549 613 3738 681 ικρινα
3785 614 3905 674 τοῖς
3956 631 4047 679 φι-

775 696 994 762 egregie
1037 709 1318 767 gestorum
1371 699 1628 766 Joannis,
1680 718 1804 772 qua
1860 705 1915 759 in
1968 718 2339 776 argumentutr

2452 704 2691 773 λεόρτοις
2725 705 2874 772 ὑμῖν,
2933 704 3032 769 τὴν
3064 703 3162 770 τῆς
3192 701 3748 770 προαναγνωσθείσης
3787 704 4047 771 ίστοριας

776 794 1046 850 assumat,
1103 800 1378 858 segetem;
1423 794 1520 847 sed
1559 810 1667 847 non
1717 802 1896 862 vacat,
1951 805 2008 850 ut
2032 807 2225 852 nostro
2249 799 2339 851 h0t

2451 792 2777 856 ὲξάπλωσιν.
2826 795 3104 861 Ἀρκείται
3154 791 3262 858 γὰρ
3311 794 3426 847 τοῖς
3476 792 3668 843 ἑαυτοῦ
3717 793 3964 860 κόσμοις
4021 793 4049 843 6

781 875 977 927 relicto
1011 889 1362 946 argumento,
1395 884 1461 935 ad
1493 885 1599 937 alia
1627 886 1739 950 jam
1790 902 2190 944 cxcurramus:
2226 903 2339 941 nam

2450 885 2766 956 Βαπτιστὴς
2819 885 3282 949 καλλωπίζεσθαι.
3316 887 3453 954 Φέρε
3487 874 3551 953 δὴ
3596 887 3775 938 τοίνυν
3809 887 4049 954 ἐπιδραο

777 979 955 1032 neque
1004 980 1066 1018 ea
1137 971 1518 1024 encontiorum
1595 975 1674 1026 lex
1739 985 1844 1028 est.
1898 975 2166 1045 Equidem
2217 992 2349 1030 vero

774 1070 1098 1123 magnarum
1127 1060 1247 1127 ejus
1283 1076 1345 1114 ac
1400 1062 1729 1116 eximiarum
1784 1065 1973 1119 dolum
2023 1068 2348 1136 insignium-

773 1162 883 1216 que
917 1152 1266 1216 prastantia‘,
1322 1166 1432 1220 qua
1479 1160 1654 1206 totam
1688 1155 1906 1209 dicendi
1941 1157 2048 1209 vim
2101 1169 2344 1226 superat,

2458 977 2668 1046 μόντες,
2698 976 2774 1038 ὡς
2803 977 2898 1030 ἐπὶ
2929 975 3119 1029 πίνακι
3145 974 3495 1044 διαδείξωμεν
3522 975 3620 1046 τὴν
3648 977 4049 1046 πολυύμνητον

2455 1067 2550 1120 τοῦ
2575 1068 2896 1138 Προδρόμου
2921 1069 3171 1138 ἄθλησιν,
3199 1068 3265 1138 ἦν
3299 1067 3442 1138 ὑπὲρ
3472 1067 3566 1120 τοῦ
3596 1066 3804 1134 ἀγαθοῦ
3833 1068 4044 1136 τολμή.

2454 1173 2553 1220 σας
2588 1157 2861 1226 διήνυσεν.

768 1240 993 1302 cedens,
1023 1255 1188 1310 Opera
1223 1243 1457 1308 pretium
1493 1243 1648 1304 duxi.
1673 1253 1730 1296 ut
1765 1245 1872 1300 diei
1909 1245 2062 1301 festae
2095 1249 2362 1302 studiosis
2400 1249 2582 1314 vobis,
2614 1263 2714 1302 ceu
2742 1249 3016 1302 modicum
3058 1246 3333 1317 quoddam
3397 1246 3838 1309 condimentum,
3907 1264 4048 1316 prae-

767 1332 920 1385 lecta:
965 1335 1304 1389 narrationis
1333 1336 1757 1404 explicationem
1795 1355 2155 1409 apponerem.
2230 1341 2376 1398 Satis
2416 1343 2562 1397 enim
2643 1343 2808 1398 habet
2857 1343 3100 1410 Baptista
3139 1351 3197 1396 ut
3229 1341 3346 1396 suis
3395 1342 3714 1396 honestetur
3737 1358 4048 1395 ornamen-

767 1429 857 1479 tis.
916 1428 1028 1495 Agc
1082 1428 1251 1497 igitur
1292 1430 1597 1485 inhzerentc
1661 1444 1988 1502 argumento
2045 1436 2342 1500 sententia,
2384 1452 2483 1490 ceu
2522 1438 2575 1489 in
2609 1437 2831 1497 tabella,
2866 1436 3097 1491 summis
3141 1435 3530 1490 celebrandum
3597 1433 3859 1487 laudibus
3939 1435 4042 1486 Ra-

766 1522 944 1588 ptistze
979 1530 1278 1584 certamen,
1329 1526 1474 1593 quod
1533 1534 1776 1590 strenue,
1811 1542 2122 1599 magnoque
2152 1530 2338 1584 animo
2377 1531 2504 1585 boni
2539 1546 2708 1585 causa
2741 1529 3007 1592 confecit,
3045 1511 3439 1583 monstremus.

843 1630 858 1659 ι
898 1609 950 1662 In
986 1613 1103 1672 illo,
1156 1614 1357 1682 inquit,
1407 1625 1676 1684 tempore,
1716 1620 1926 1672 audivit
1973 1619 2216 1675 llerodes
2256 1632 2337 1676 te-

765 1702 984 1754 trarcha
1024 1702 1222 1755 famam
1256 1704 1409 1769 1υειι,
1455 1716 1509 1759 et
1549 1709 1687 1761 dixit
1715 1713 1898 1776 pueris
1929 1711 2084 1764 suis:
2125 1712 2226 1765 Hic
2256 1720 2342 1766 est

2525 1643 2542 1673 ι
2591 1623 2678 1674 Ἐν
2709 1621 2922 1690 ἐκείνῳ,
2973 1621 3126 1690 φησὶ,
3162 1621 3239 1689 τῷ
3270 1619 3469 1689 καιρῷ,
3503 1620 3736 1690 ἤκουσεν
3783 1617 4044 1687 Ἡρώδης

2446 1717 2474 1768 6
2495 1715 2802 1784 τετράρχης
2821 1714 2917 1784 τὴν
2956 1715 3127 1782 ἀκοὴν
3172 1710 3374 1781 Ἰησοῦ,
3408 1713 3505 1764 καὶ
3526 1707 3678 1761 εἶπεν
3701 1712 3814 1771 τοῖς
3850 1712 4047 1760 παισὶν

759 1791 1001 1848 Joannes
1060 1797 1349 1865 Baptista:
1404 1798 1522 1867 Ipse
1600 1787 1919 1857 surrexit'a
1970 1809 2225 1868 mortuis,
2289 1814 2339 1858 et

2447 1806 2635 1858 αὑτοῦ.
2695 1799 2866 1867 Οὗτός
2916 1807 3064 1857 ἐστιν
3122 1803 3374 1871 Ἰωάννης
3421 1803 3449 1854 6
3497 1801 3847 1867 Βαπτιστής·
3886 1793 4044 1860 οὗτος

764 1891 1052 1951 propterea
1108 1889 1344 1942 virtutes
1399 1900 1702 1957 operantur
1745 1893 1798 1945 in
1829 1907 1894 1947 eo
1925 1903 1973 1946 ο.
2006 1912 2024 1944 ι
2065 1895 2193 1947 Haec
2217 1895 2342 1963 qui-

769 1974 889 2026 dem
925 1986 1112 2042 postea
1147 1996 1160 2029 :
1189 1995 1310 2047 quae
1347 1988 1531 2032 autem
1569 1983 1924 2046 antecedunt,
1959 1986 2141 2053 qualia
2176 1986 2344 2039 sunt?

768 2067 1014 2124 Herodes
1050 2072 1272 2139 quidem
1327 2075 1711 2129 mtechabatur
1753 2093 1979 2131 uxorem
2035 2077 2226 2132 fratris
2257 2081 2342 2133 sui

759 2160 1021 2229 Philippi;
1058 2172 1111 2215 at
1158 2162 1399 2219 Joannes
1455 2181 1718 2236 arguens,
1774 2183 1802 2221 a
1845 2171 2054 2226 scelere
2084 2171 2344 2242 prohibe-

764 2254 876 2307 bat.
908 2254 1028 2320 Quo
1055 2255 1105 2307 id
1136 2256 1302 2310 modo
1342 2273 1403 2311 ac
1436 2273 1673 2326 quanam
1718 2263 1971 2315 ratione?
2005 2263 2163 2328 Quod
2195 2265 2343 2318 dice-

765 2357 844 2399 rct
876 2364 889 2400 ξ
931 2366 948 2397 ι
993 2347 1107 2402 Non
1137 2349 1263 2403 licet
1292 2351 1388 2405 tibi
1428 2351 1632 2406 habere
1665 2369 1892 2407 uxorem
1929 2355 2115 2410 fratris
2149 2357 2293 2410 tuic.
2318 2376 2336 2408 ι

759 2437 831 2490 Ea
875 2454 962 2493 res
1013 2439 1282 2495 Herodem
1343 2442 1396 2494 in
1454 2442 1696 2500 furorem
1744 2447 1942 2500 vertit:
1988 2447 2092 2502 hoc
2135 2450 2341 2504 caedem

755 2531 966 2596 Spirare
1005 2529 1159 2586 fecit.
1204 2531 1359 2586 [laud
1409 2541 1595 2589 tatnen
1632 2537 1720 2588 vir
1772 2536 1863 2591 ille
1924 2540 2246 2612 przeclarus,
2279 2555 2343 2594 ac

757 2635 991 2689 magnus
1025 2623 1317 2691 propheta,
1350 2626 1436 2678 vel
1491 2626 1690 2680 timore
1733 2611 2089 2697 compressus
2117 2637 2222 2692 est,
2257 2631 2340 2682 vel

752 2729 779 2762 ει
817 2713 1250 2780 reprehensione
1296 2719 1558 2770 cessavit.
1617 2717 1839 2772 Sciebat
1881 2719 2027 2773 enim
2067 2736 2186 2772 eam
2219 2721 2344 2775 libi-

750 2803 937 2859 dinem
968 2805 1084 2874 lege
1117 2807 1428 2874 prohiberi.
1459 2827 1478 2859 ι
1509 2808 1630 2863 Νοη
1673 2810 1805 2864 licet
1847 2812 1946 2866 tibi
1979 2811 2183 2866 habere
2210 2829 2341 2867 uxo-

752 2911 866 2948 rem
910 2894 1152 2966 Philippi
1190 2896 1382 2952 fratris
1428 2899 1531 2954 tui.
1575 2919 1594 2950 ι
1630 2899 1782 2971 Legi,
1827 2902 2035 2968 inquit,
2070 2902 2162 2959 Dei
2198 2905 2338 2961 resi-

750 2986 892 3049 stis,
941 2987 1151 3042 tabulis
1207 3004 1237 3042 a
1281 2987 1396 3044 Deo
1477 2992 1747 3056 exaratis,
1805 3007 2081 3063 repugnas
2136 2994 2339 3066 Moysis

740 3078 925 3133 scitis.
997 3096 1017 3130 ι
1050 3079 1175 3133 Non
1220 3079 1347 3135 licet
1408 3083 1504 3135 tibi
1563 3084 1768 3138 habere
1816 3100 2042 3140 uxorem
2095 3085 2335 3158 Philippi

2446 1897 2654 1967 ἠγέρθη
2689 1898 2753 1948 ὲκ
2782 1895 2891 1948 τῶν
2935 1894 3146 1964 νεκρῶν
3168 1934 3181 1955 ,
3213 1894 3306 1945 καὶ
3358 1892 3447 1944 διὰ
3476 1892 3640 1943 τοῦτο
3669 1893 3725 1941 αἱ
3771 1889 4048 1958 δυνάμεις

2447 1989 2763 2058 ἐνεργοῦσιν
2812 1989 2869 2039 ὲν
2903 1984 3073 2054 αὐτῷ.
3107 2004 3124 2035 ο
3194 1984 3382 2036 Ταῦτα
3431 1984 3530 2050 μὲν
3563 1981 3794 2047 ὕστερον
3821 1997 3834 2008 ·
3871 1981 3944 2032 τὰ
3988 1980 4046 2031 δὲ

2446 2079 2554 2148 πρὸ
2592 2078 2801 2140 τούτου,
2828 2079 3018 2142 ὀποῖα;
3071 2077 3320 2147 Ἡρώδης
3361 2076 3462 2142 μὲν
3511 2075 3609 2142 τὴν
3651 2075 3900 2140 γυναῖκα
3952 2073 4047 2121 τοῦ

2445 2170 2676 2239 ἀδελφοῦ
2699 2171 2959 2239 ἐμοιχᾶτο
2974 2169 3248 2220 Φιλίππου
3272 2185 3286 2199 ο
3303 2168 3332 2218 6
3351 2167 3408 2218 δὲ
3441 2165 3694 2233 Ἰωάννης
3727 2164 3824 2216 τὸν
3868 2164 4050 2232 Ἠριίμ

2445 2263 2541 2330 δην
2577 2262 2835 2331 ἐλέγχων,
2871 2263 3211 2332 παρανομεῖν
3239 2259 3553 2313 διεκώλυεν.
3593 2258 3740 2320 ηὼς,
3773 2258 3879 2309 καὶ
3923 2259 4051 2307 τίνα

2445 2349 2680 2418 τρόπον;
2717 2369 2733 2399 ι
2771 2349 2885 2401 Οὐκ
2918 2349 3095 2413 ἔξεστί
3120 2365 3222 2413 σοι,
3248 2347 3444 2415 λέγων,
3473 2346 3618 2417 ἔχειν
3665 2347 3766 2417 τὴν
3801 2349 4051 2412 γυναῖκα

2445 2441 2712 2494 Φιλίππου
2766 2440 2863 2493 τοῦ
2908 2440 3141 2509 ἀδελφοῦ
3203 2457 3316 2494 σου,
3354 2458 3373 2488 ι
3432 2439 3604 2490 Τοῦτο
3649 2439 3744 2490 τὸν
3785 2439 4050 2506 Ἡρώδην

2445 2534 2740 2603 ὲξέμηνεν⁶
2771 2532 2931 2585 τοῦτο
2971 2534 3138 2603 φονᾷν
3192 2531 3359 2585 αὐτὸν
3416 2527 3861 2600 παρεσκεύαζεν.
3909 2530 4048 2582 ’A‘u‘t‘

2443 2626 2540 2694 οὐχ
2585 2626 2612 2676 6
2657 2625 2825 2686 πολὺς
2864 2626 3071 2687 ἐκεῖνος
3122 2625 3219 2677 καὶ
3272 2623 3445 2694 μέγας
3482 2625 3542 2674 ὲν
3581 2623 3904 2692 προφήταις
3941 2661 3957 2685 ι
4014 2623 4044 2691 ἦ

2445 2718 2745 2787 συνεστάλη
2771 2718 2975 2780 δείσας,
3020 2715 3363 2786 ἢδιε).έγχων
3395 2716 3695 2770 ἐπαύσατο,
3740 2716 3906 2785 ’ῌδει
3939 2718 4049 2784 γὰρ

2442 2808 2533 2860 τὸν
2577 2808 2741 2878 νόμον
2770 2809 2872 2876 τῆς
2902 2809 3160 2880 τοιαύτης
3191 2808 3485 2878 ἀναιρετὴν
3518 2808 3796 2876 λαγνείας.
3872 2827 3893 2859 ι
3934 2811 4047 2862 Οὐκ

2441 2902 2648 2968 ἔξεστίν
2670 2920 2750 2955 σοι
2786 2903 2930 2973 ἔχειν
2953 2903 3052 2973 τὴν
3079 2905 3316 2971 γυναῖκα
3351 2902 3622 2954 Φιλίππου
3674 2900 3772 2953 τοῦ
3801 2901 4047 2968 ἀδελφοῦ

2443 3010 2560 3045 σου.
2599 3012 2617 3044 ι
2682 2994 2824 3064 Πρὸς
2854 2994 3040 3063 νόμον,
3097 2994 3285 3063 φησὶν,
3353 2993 3651 3062 ἁντιτάσση
3693 2989 3866 3055 Θεοῦ,
3910 2993 4047 3060 πρὸς

2442 3086 2656 3150 πλάκας
2686 3087 3086 3157 θεοχαράκτους
3108 3103 3120 3115 ·
3148 3085 3208 3150 ἐξ
3229 3084 3480 3148 ἐναντίας
3504 3084 3614 3137 τῶν
3649 3085 3902 3146 Μωσέως
3931 3086 4050 3135 ἀντ-

741 3169 945 3226 lratris
979 3172 1055 3224 tui
1078 3170 1124 3225 δ.
1167 3192 1184 3224 ι
1212 3175 1289 3226 Ac
1313 3172 1560 3230 Herodes
1582 3177 1829 3245 quidem,
1851 3178 2042 3233 alienat
2071 3193 2100 3231 a
2125 3181 2338 3244 ratione

2444 3179 2687 3250 επεξάγῃ
2715 3179 2953 3249 θεσμῶν.
2993 3197 3011 3229 ι
3061 3162 3191 3232 Οὐκ.
3212 3177 3424 3244 ἔξεστίν
3474 3193 3556 3229 σοι
3610 3176 3760 3245 ἔχειν
3809 3179 3921 3245 τὴν
3953 3194 4048 3244 γυ-

741 3265 1073 3333 voluptarize
1121 3271 1542 3337 congressionis
1595 3271 1830 3326 obrutus
1894 3273 2130 3338 deliciis,
2195 3276 2338 3331 haud

739 3369 1032 3420 emergere
1066 3358 1282 3442 potuit,.
1314 3373 1416 3412 nec
1446 3359 1514 3413 ad
1567 3360 1815 3417 veritatis
1858 3361 2046 3418 lumen
2099 3367 2338 3435 aspexit,

746 3444 844 3499 sed
881 3447 1089 3500 mansit
1123 3457 1387 3516 gravatus
1406 3450 1930 3518 crapulalihidinis.
1968 3451 2210 3510 Joannes
2240 3471 2340 3510 au-

744 3545 853 3589 tem
888 3538 1278 3604 perseverabat
1332 3541 1645 3608 corrigens,
1711 3541 1941 3606 docens,
2011 3545 2336 3611 admonens,

748 3630 824 3680 uti
861 3628 952 3682 Dei
1012 3631 1338 3698 prophetam
1399 3631 1656 3688 decebat.
1695 3633 1763 3686 At
1816 3634 1931 3701 ille,
1993 3652 2337 3707 quanquam,

750 3729 810 3772 nt
838 3736 1061 3775 sacrum
1119 3720 1475 3793 Evangeliutn
1529 3725 1647 3791 ait,
1706 3744 1726 3777 ι
1779 3727 1957 3781 virum
2004 3729 2220 3797 justum
2272 3747 2338 3787 ac

748 3821 1000 3868 Sanctum
1053 3816 1242 3879 sciret,
1291 3832 1358 3870 ac
1393 3833 1459 3872 eo
1510 3818 1720 3882 audito,
1765 3822 1939 3873 multa
1996 3823 2225 3888 faceret,
2261 3825 2384 3878 lu-'

748 3910 995 3977 bcnsque
1035 3909 1216 3976 ipsum
1249 3912 1508 3975 audiret;
1545 3930 1560 3962 ι
1597 3911 1736 3964 nihil
1769 3920 1952 3971 tamen
1980 3932 2171 3972 eorum
2207 3925 2341 3971 tunc

745 4002 802 4056 in
836 4003 1082 4056 animum
1144 4004 1381 4069 induxit,
1433 4016 1529 4059 aut
1598 4010 1912 4079 intelligere
1961 4011 2159 4065 voluit.
2220 4011 2338 4066 Non

745 4096 1099 4166 prephetatn,
1152 4099 1358 4168 quibus
1417 4115 1515 4170 par
1559 4112 1700 4166 erat,
1759 4103 1944 4158 all'ecit
2001 4088 2336 4159 honoribus:

745 4203 849 4243 nec
882 4189 964 4244 vel
999 4189 1290 4244 minimum
1331 4191 1467 4260 legis
1523 4183 1850 4260 gravitatem
1899 4201 1984 4249 cst
2024 4195 2336 4249 reveritus:

745 4290 935 4351 atque,
969 4291 1026 4336 ut
1063 4299 1134 4337 ne
1182 4283 1335 4338 aliud
1377 4285 1705 4353 quidquam,
1744 4301 1812 4340 ne
1868 4300 2064 4354 ptenas
2114 4285 2338 4353 quidem

740 4375 1009 4431 adversus
1039 4391 1136 4431 eos
1171 4375 1266 4446 qui
1298 4376 1572 4446 ejusmodi
1604 4386 1755 4444 sunt,
1790 4394 1853 4433 ea
1884 4379 2136 4435 decretas
2170 4395 2336 4434 cura-

743 4456 842 4520 tu.
883 4467 1066 4522 Dicam
1110 4469 1256 4538 quod
1291 4477 1379 4524 est
1411 4470 1613 4539 majus.
1650 4485 1714 4525 ac
1743 4473 1919 4542 magis
1955 4473 2333 4542 perspicuum:

742 4575 810 4612 ne
842 4559 998 4611 illum
1037 4558 1258 4628 quidem
1310 4559 1523 4622 Achab.
1583 4561 1718 4630 quin
1775 4571 1831 4616 et
1879 4563 2072 4618 uxoris
2123 4562 2334 4617 manci-

740 4653 914 4720 pium,
975 4651 1226 4705 imitatus
1276 4658 1398 4715 est;
1436 4650 1552 4720 'qui
1596 4651 1864 4706 nimirum
1915 4653 2332 4722 superstitionis

739 4742 970 4797 deorum
1014 4743 1320 4797 doctricem
1367 4739 1683 4798 chabelem
1731 4743 2010 4810 habuerit,
2060 4744 2136 4797 uti
2185 4759 2333 4799 nunc

741 4847 844 4889 Istc
904 4833 1276 4889 ilerodiadem
1337 4835 1660 4905 magistram
1721 4835 1991 4890 libidinis.
2045 4835 2180 4890 Nam
2243 4837 2334 4892 ille

739 4927 1007 4997 quidem,
1065 4943 1189 4982 cmn
1244 4927 1496 4982 audisset
1553 4927 1622 4981 ab
1683 4926 1799 4980 Elia
1833 4927 2138 4992 Thcsbitc,
2173 4930 2336 4992 iratn,

736 5035 861 5089 qua:
908 5019 1179 5073 adversus
1241 5033 1367 5073 eum
1421 5031 1661 5073 accensa
1707 5027 1858 5073 esset
1896 5035 1924 5072 a
1973 5018 2228 5086 Domino,
2273 5035 2337 5074 ac

739 5112 884 5166 mala
941 5126 1064 5182 qua:
1116 5120 1273 5167 certo
1325 5111 1374 5166 ei
1411 5125 1474 5166 ac
1527 5111 1646 5165 suis
1699 5121 1890 5165 essent
1943 5123 2237 5176 eventura,
2274 5127 2339 5166 ac

739 5207 919 5276 palam
960 5205 1488 5277 reprehensionibus
1516 5203 1718 5259 luisset
1767 5205 2072 5276 appetitus,
2111 5215 2340 5276 pr0pter

738 5301 905 5372 impia
953 5314 1017 5355 ac
1050 5299 1264 5355 nefaria
1321 5297 1578 5353 facinora
1634 5312 1758 5367 qua:
1810 5305 2185 5368 perpetrarat,
2227 5313 2337 5352 non

814 5441 843 5482 δ
877 5438 1067 5494 Matth.
1103 5457 1184 5505 ιιι,
1220 5441 1307 5495 Η.
1389 5448 1411 5477 ο
1450 5438 1643 5495 Matth.
1673 5435 1905 5502 xtv,i,2.
2004 5437 2032 5479 δ
2067 5437 2201 5493 ibid.
2229 5437 2282 5494 4.

2367 4517 2416 4575 ι)

2441 3275 2603 3326 ναῖκα
2620 3272 2885 3324 ⁴Ιιιλίπττου
2908 3271 3003 3324 τοῦ
3035 3270 3270 3338 ἀδελφοῦ
3299 3287 3414 3325 σου.
3449 3288 3465 3319 ι
3497 3270 3601 3321 Καὶ
3625 3269 3653 3320 6
3686 3269 3807 3337 μὲν,
3849 3271 3919 3337 τῇ
3954 3285 4049 3337 ρα-

2444 3365 2620 3434 στὼνῃ
2658 3364 2754 3434 τῆς
2800 3365 3118 3434 παραλόγου
3157 3363 3266 3416 τῶν
3313 3362 3520 3433 ἡδονῶν
3559 3361 3849 3431 ὲπιμιξὶας
3874 3377 4045 3413 κατα-

2442 3457 2805 3528 χωννύμενος,
2853 3458 2962 3511 οὐδ’
2995 3456 3281 3510 ἀνανεύειν
3332 3455 3588 3524 ἠδύνατο,
3622 3454 3744 3506 οὐδὲ
3788 3454 3937 3523 πρὸς
3991 3454 4048 3504 τὸ

2440 3547 2540 3613 τῆς
2573 3545 2828 3615 ἀληθείας
2874 3546 3186 3599 ἀπέϐλεπεν
3211 3545 3359 3614 φῶςο
3392 3545 3510 3598 ἀλλ’
3548 3544 3744 3612 ἔμενεν
3776 3544 3863 3613 τῷ
3894 3544 4046 3613 βάρει
4095 3593 4105 3605 ,

2440 3636 2541 3705 τῆς
2585 3637 2895 3708 φιληδονίας
2926 3638 3288 3708 καρηὸαρῶν.
3344 3637 3402 3690 '0
3437 3637 3515 3700 δὲ,
3558 3636 3833 3701 ἐπέμενεν
3858 3637 4044 3689 νουθε-

2442 3728 2550 3781 τῶν
2572 3729 2840 3782 διδάσκων
2860 3772 2874 3794 ,
2915 3730 3325 3798 ὑποτιθέμενος,
3358 3724 3445 3783 οἷα
3489 3731 3579 3782 τὸν
3618 3732 3716 3781 τοῦ
3739 3729 3886 3782 Θεοῦ
3915 3746 4049 3799 προ·

2444 3823 2623 3891 φήτην
2655 3822 2821 3884 εἰκός,
2864 3821 2923 3876 Ὀ
2955 3822 3031 3885 δὲ,
3052 3821 3367 3890 καίπερ,ὦς
3399 3839 3565 3891 φησιν
3595 3821 4046 3890 τὸΕὐαγγέλιον.

2448 3931 2466 3962 ι
2510 3912 2681 3976 Εἰδὼς
2711 3913 2874 3966 αὑτὸν
2906 3913 3075 3984 ἄνδρα
3108 3913 3319 3966 δίκαιον
3343 3915 3436 3966 καὶ
3470 3913 3648 3981 ἅγιον,
3699 3914 3796 3965 καὶ
3826 3914 4048 3966 ἀκούων

2443 4002 2633 4064 αὑτοῦ,
2666 4002 2836 4055 πολλὰ
2890 4003 3104 4056 ἐποίειο
3159 4004 3256 4057 καὶ⁵
3315 4003 3489 4075 ἡδέως
3537 4001 3706 4056 αὑτοῦ
3757 4003 3989 4073 ἤκουεν,
4028 4022 4043 4052 ι

2443 4096 2596 4149 οὐδὲν
2625 4096 2829 4149 τούτων
2859 4097 3096 4166 συνῆκεν
3126 4097 3272 4163 τότε,
3311 4097 3350 4167 ἢ
3378 4096 3613 4150 συνιδεῖν
3635 4095 3952 4167 προῄρητο.
3979 4098 4050 4149 Οὐ

2441 4189 2532 4241 τὸν
2564 4189 2856 4259 προφήτην
2883 4191 3004 4251 ταῖς
3041 4189 3460 4261 προσηκούσαις
3493 4189 3940 4260 καταγεραίρειν
3968 4207 4048 4241 τι-

2448 4285 2579 4353 μαῖς
2600 4299 2612 4313 ο
2638 4283 2698 4334 οὐ
2721 4285 2783 4335 τὸ
2818 4282 2958 4353 βαρὺ
2993 4281 3088 4335 τοῦ
3114 4283 3282 4353 νόμου
3304 4281 3406 4335 κᾶν
3452 4281 3528 4345 ὡς
3555 4282 3617 4334 τὺ
3639 4281 3803 4351 τυχὸν
3825 4284 4048 4350 ἐνετρά-

2444 4392 2520 4444 πη
2543 4390 2557 4403 ·
2591 4375 2711 4428 οὐδὲ
2743 4375 2789 4426 εί
2821 4377 2896 4446 μή
2927 4392 2981 4428 τι
3032 4375 3183 4440 ἄλλο,
3219 4375 3323 4444 τήν
3350 4391 3411 4442 γε
3446 4373 3591 4427 κατὰ
3645 4373 3754 4427 τῶν
3780 4376 4048 4428 τοιούτων

2444 4467 2793 4537 ἐπαγομένην
2822 4466 3038 4521 ἐκεῖθεν
3075 4468 3276 4539 ᾐδέσθη
3313 4463 3525 4537 ποινήν.
3575 4463 3732 4519 Εἴπω
3762 4478 3819 4518 τι
3865 4465 4050 4537 μεῖζον

2442 4561 2534 4613 καὶ
2561 4559 3014 4633 γνωριμώτερον;
3056 4560 3180 4614 οὐδὲ
3209 4563 3302 4614 τὸν
3345 4558 3553 4630 Ἀχαὰὸ
3600 4559 3813 4611 ἐκεῖνον
3843 4546 3865 4590 ·’
3915 4559 4051 4613 ἀλλὰ

2442 4656 2536 4707 καὶ
2565 4657 2877 4722 γυναικεῖον
2909 4655 3248 4725 ἀνδράποδον
3285 4653 3625 4722 ιμιμήσατοο
3659 4651 3720 4713 ὃς
3744 4649 3848 4720 τὴν
3890 4649 4053 4714 Ἰεζαο

2442 4741 2681 4816 δελ-εἷχε
2715 4747 2837 4799 τότε
2866 4745 2968 4815 τῆς
3022 4745 3340 4812 πολυθεῖας,
3396 4746 3472 4808 ὼς
3501 4742 3596 4796 νῦν
3649 4741 3754 4809 τῆς
3787 4741 4051 4809 λαγνείας

2441 4831 2596 4900 οὗτος
2623 4839 2721 4909 τὴν
2760 4838 3083 4908 Ἡρωδιάδα,
3119 4839 3464 4894 διδάσκαλον.
3505 4839 3564 4892 Ὀ
3593 4837 3692 4907 μὲν
3741 4834 3861 4904 γὰρ
3886 4835 4049 4888 ἀκού-

2449 4945 2550 4991 σας
2575 4928 2928 4998 παρὰἮλιοῦ
2949 4929 3044 4982 τοῦ
3068 4929 3333 4984 Θεσὸίτου
3363 4931 3455 4983 τὸν
3487 4929 3657 5000 θυμὸν
3677 4927 3738 4988 ὃς
3769 4927 4050 4995 ἁνήπτετο

2444 5023 2566 5075 κατ’
2601 5022 2768 5076 αὐτοῦ
2802 5022 2956 5095 παρὰ
2986 5022 3215 5094 Κυρίου,
3240 5024 3334 5077 καὶ
3361 5023 3433 5076 τὰ
3473 5022 3740 5093 μέλλοντα
3766 5016 4051 5091 προῦπτον

2444 5116 2598 5186 αὑτῷ
2635 5132 2694 5169 τε
2726 5117 2961 5177 καὶτοῖς
2993 5115 3161 5170 αὑτοῦ
3199 5116 3415 5169 ἐπιέναι
3448 5113 3617 5177 κακὰ,
3654 5112 3750 5165 καὶ
3793 5109 4051 5180 φανερῶς

2444 5213 2556 5273 τοῖς
2587 5209 2834 5279 ἐλέγχοις
2881 5208 3122 5280 βληθεὶς,
3159 5207 3227 5262 δι’
3257 5206 3321 5271 ἃς
3363 5205 3729 5276 ἐξειργάσατο
3758 5201 4049 5270 πονηρίας.

2447 5305 2541 5356 καὶ
2575 5303 2871 5373 ἀθεμίτους
2901 5301 3312 5372 ἀνοσιουργίας,
3340 5299 3441 5353 οὐκ
3479 5295 3873 5368 ἠγανάκτησεν
3902 5308 3916 5322 ο
3960 5293 4055 5343 οὐκ

2084 5531 2477 5589 ΟΟΜΒΕΥΙΞΙΙ
2515 5527 2751 5584 NOTAE.

741 5627 1108 5683 sacerdotes?
1144 5628 1352 5682 Summi
1401 5644 1534 5684 vero
1567 5627 1878 5682 sacerdotis
1909 5625 2105 5690 nostri,
2147 5640 2335 5681 sacer-

741 5703 928 5754 dotem
984 5700 1178 5766 l'uisse,
1229 5715 1293 5754 ac
1350 5700 1402 5754 in
1441 5716 1610 5762 eum.
1659 5698 2071 5754 hierarchicum
2123 5696 2332 5765 aliquid

743 5773 933 5824 divina
973 5772 1241 5840 peculiari
1277 5771 1633 5826 ordinatione
1667 5770 2008 5830 exercuisse,
2042 5768 2144 5840 hoc
2173 5769 2335 5836 plane

745 5839 990 5900 Joannes
1016 5843 1547 5900 incommnnicabilc
1580 5841 1791 5908 habuit,
1824 5855 1949 5897 cum
1979 5840 2097 5910 ipso
2129 5839 2349 5907 iubente

2444 5624 2536 5679 vix
2574 5623 2798 5677 tandem
2831 5619 3056 5684 cedens,
3094 5634 3318 5677 sacrum
3351 5616 3474 5687 eius
3504 5617 3772 5672 verticem
3809 5617 4048 5672 solemni

2447 5697 2553 5749 ritu
2588 5693 2940 5770 baptismatis
2973 5693 3172 5770 tinxit._
3196 5691 3373 5770 Quam
3415 5689 3519 5770 ipsi
3555 5687 3853 5759 qumrcndi
3935 5690 4051 5741 fou-

2442 5774 2550 5831 tes,
2586 5758 2795 5835 utqnis
2831 5771 3094 5820 auctores
3126 5763 3310 5819 videre
3345 5758 3511 5815 velit!
