4176 6448
187 401 322 467 1117

1201 413 1282 473 IN
1326 415 1386 474 S.
1425 416 1745 476 JUANNIS
1784 421 2428 482 DECOLLATIONEM.

3293 425 3431 488 1118

187 517 518 584 ἁφηνίασεν·
556 517 654 587 οὐχ
699 517 854 587 ὓϐριν
885 518 1127 589 ἡγήσατο
1183 523 1277 575 τοῦ
1333 528 1611 594 προφήτου
1663 532 1754 580 τὸν

1857 538 1941 584 est
1975 533 2292 603 indignatus
2322 553 2335 600 ;
2360 551 2464 591 non
2494 536 2604 603 egit
2642 535 2976 597 insolenter;
3012 551 3120 590 non
3153 536 3311 590 duxit
3347 540 3434 603 in-

183 608 402 678 ελεγχον
421 627 435 642 ο
473 611 588 663 ἀλλ’
609 612 683 675 ὡς
706 613 842 665 Θεοῦ
869 616 1175 684 προφήτην,
1208 617 1302 669 καὶ
1325 619 1393 670 τὰ
1420 619 1538 672 θεῖα
1586 622 1747 688 φθεγ-

184 697 412 766 γόμενον
434 741 450 763 ,
479 700 572 751 τὸν
620 701 721 769 μὲν
770 700 857 754 διά
882 704 1046 771 τιμῆς
1079 698 1181 773 ἦγε
1203 721 1216 733 ·
1259 705 1329 757 τὰ
1356 706 1434 768 δὲ,
1490 703 1577 761 οἷα
1615 709 1748 761 Θεοῦ

185 791 646 859 παραγγέλματα,
707 793 846 846 αίδοϊ
874 795 966 846 καὶ
1001 795 1150 865 φόϐῳ
1195 798 1645 867 περιεπτύσσετο.
1687 801 1752 852 Τί

182 878 275 933 οὖν
325 885 505 949 ποιεῖς
570 883 678 935 τῶν
720 884 1014 937 Βασιλειῶν
1050 885 1311 939 ἄκουσον·
1380 905 1398 939 ι
1438 889 1545 940 Καὶ
1576 887 1750 952 εἶπεν,

184 972 367 1038 φησιν,
431 972 635 1041 Κύριος
684 974 816 1042 πρὸς
861 975 1042 1027 Ἥλιοῦ
1093 977 1185 1028 τὸν
1220 977 1509 1043 Θεσϐίτην,
1545 979 1749 1045 λέγων’

196 1061 502 1131 ’Δνάστηθι,
537 1065 627 1116 καὶ
658 1065 927 1133 κατάϐηθι
960 1069 1040 1128 είς
1082 1069 1387 1136 ἀπάντησιν
1428 1068 1630 1137 ’Λχαᾶϐ
1656 1069 1754 1137 βας

185 1151 374 1214 σιλέως
424 1152 659 1223 Ἰσραὴλ,
711 1157 805 1208 καὶ
858 1157 1088 1224 λάλησον
1120 1159 1259 1226 πρὸς
1310 1159 1493 1221 αὑτὸν,
1542 1159 1750 1225 λέγων·

181 1242 319 1294 Τάδε
347 1243 496 1310 λέγει
519 1245 717 1314 Κύριος
743 1262 755 1274 ·
810 1246 896 1308 Ὠς
927 1249 990 1299 σὺ
1025 1247 1319 1313 ἐφόνευσας
1365 1247 1629 1310 Ναϐουθὲ,
1660 1250 1752 1300 καὶ

179 1333 622 1404 ἐκληρονόμησας
647 1337 826 1401 αὐτὸν,
846 1337 935 1388 διὰ
952 1337 1130 1400 τοῦτο,
1156 1337 1302 1405 λέγει
1324 1339 1545 1407 Κύριος,
1568 1340 1751 1404 ἐπάξω

179 1424 274 1476 ἐπὶ
297 1424 356 1488 σὲ
382 1426 547 1490 κακά,
575 1428 668 1479 καὶ
692 1428 946 1481 ἐκκαύσω
974 1430 1148 1482 ὀπίσω
1179 1446 1294 1491 σου,
1325 1433 1418 1483 καὶ
1446 1431 1752 1500 ἐξολοθρεύ-

181 1531 258 1566 σω
295 1514 386 1568 τὸν
423 1518 629 1587 Ἀχαάϐ
647 1519 906 1588 οὐροῦντα
942 1522 1074 1590 πρὸς
1103 1525 1278 1590 τοῖχον
1298 1537 1312 1550 ·
1345 1541 1362 1572 ι
1396 1523 1485 1574 καὶ
1511 1524 1576 1575 τά
1597 1524 1751 1590 ἄλλα,

177 1598 261 1667 οἷς
290 1607 390 1676 τὴν
408 1609 638 1677 ἀπειλὴν
667 1611 782 1678 μετ’
813 1611 981 1680 ὀργῆς
1014 1612 1293 1664 άπέτεινεν
1321 1631 1330 1640 ·
1365 1613 1462 1664 οὐκ
1481 1615 1564 1664 ἐπ’
1594 1614 1756 1665 αὑτὸν

177 1696 384 1749 ἐκεῖνον
404 1698 582 1766 μόνον,
602 1701 736 1753 ἀλλὰ
765 1701 856 1753 ἐπὶ
873 1703 968 1770 τὴν
986 1701 1218 1764 Ἰεζάϐελ
1239 1719 1250 1730 ⁸
1265 1723 1282 1754 ι
1317 1704 1403 1766 Ὠς
1421 1704 1752 1773 ἐπειράθη⁷⁷ο

175 1787 365 1855 φησιν,
389 1790 611 1857 ποιῆσαι
653 1793 714 1844 τὺ
757 1795 992 1862 πονηρὸν
1024 1794 1253 1846 ἐνώπιον
1286 1796 1510 1865 Κυρίου,
1549 1797 1642 1848 καὶ
1680 1798 1753 1859 ὡς

1855 620 2015 688 jnriae
2078 624 2456 691 propheticam
2519 625 3033 691 reprehensionem:
3089 627 3274 679 sedul
3338 629 3431 680 Dei

1859 713 2180 782 prophetam
2209 712 2485 771 ac.divina
2533 715 2872 783 loquentem.
2932 716 3082 767 illum
3119 717 3340 783 quidem
3378 718 3432 771 in

1858 804 2067 859 honore
2109 807 2319 870 habuit,
2381 807 2493 859 hate
2527 817 2708 860 autem
2738 822 2836 859 ceu
2879 806 2969 860 Dei
3012 816 3310 875 praecepta,
3343 824 3433 858 re-

1858 895 2101 949 verentia
2166 905 2493 964 prosecutus
2549 905 2659 951 est.
2701 896 2842 961 Quid
2891 912 3021 965 ergo
3079 896 3255 949 facit?
3288 898 3432 950 Audi

1860 985 2168 1055 Regnorum
2200 989 2493 1041 historiam
2527 1007 2538 1041 :
2583 1007 2600 1038 ι
2642 988 2706 1040 Ι-Σι
2737 990 2873 1041 dixit
2907 989 3193 1051 Dominus,
3230 990 3430 1056 inquit,

1857 1075 1922 1131 ad
1956 1077 2124 1129 Eliam
2159 1077 2501 1139 Thesbitem,
2530 1081 2756 1133 dicens:
2793 1079 2968 1146 Surge
2999 1088 3052 1131 et
3077 1080 3349 1132 descende
3376 1080 3428 1130 in

1855 1180 2144 1219 occursum
2186 1167 2375 1218 Achab
2422 1167 2566 1233 regis
2611 1167 2798 1229 Israel,
2854 1176 2906 1220 et
2957 1167 3179 1234 loquere
3207 1168 3271 1218 ad
3304 1183 3428 1219 eum

1855 1258 2042 1311 (licens
2077 1275 2089 1310 :
2127 1256 2254 1312 llwc
2285 1259 2417 1310 dicit
2455 1259 2755 1311 Dominus:
2804 1257 3091 1322 Quomodo
3126 1268 3181 1310 tu
3215 1257 3428 1309 occidi.
3465 1293 3475 1304 .

1858 1349 1950 1408 sti,
1981 1356 2035 1399 et
2069 1348 2280 1400 vineam
2325 1349 2667 1416 possedisti?
2712 1348 2939 1416 Propter
2989 1349 3113 1410 hoc,
3150 1348 3263 1400 haec
3297 1349 3431 1399 dicit

1857 1437 2124 1491 Dominus
2162 1438 2464 1492 :Inducaut
2497 1455 2662 1506 Super
2695 1447 2748 1492 te
2795 1440 2959 1498 mala,
3009 1448 3057 1492 ct
3095 1438 3424 1491 succendam

1859 1540 1979 1597 post
2012 1539 2084 1588 te.
2122 1539 2175 1584 et
2230 1531 2547 1598 disiuerdam
2615 1533 2680 1584 de
2733 1530 2918 1582 Achab
2967 1531 3298 1596 mingentem
3355 1530 3422 1580 ad

1859 1623 2116 1687 parietem
2151 1633 2208 1686 e;
2252 1641 2269 1671 ι
2325 1637 2388 1674 ac
2426 1623 2658 1688 reliqua,
2707 1621 2908 1688 quibus
2971 1621 3147 1670 minus
3193 1619 3430 1670 intendit

1859 1729 1984 1766 cum
2028 1713 2131 1776 ira,
2168 1729 2275 1766 non
2303 1722 2518 1765 tantum
2556 1715 2609 1765 in
2634 1728 2779 1774 eum,
2821 1725 3007 1763 verum
3042 1710 3203 1762 etiam
3249 1710 3302 1761 in
3337 1707 3428 1761 Jc~

1861 1804 2101 1856 zabelem
2138 1819 2150 1854 :
2180 1821 2196 1853 ι
2236 1802 2524 1868 Quomodo
2550 1801 2915 1855 venumdatus
2952 1810 3033 1854 est
3063 1800 3200 1869 (20),
3228 1799 3429 1866 inquit,

180 1877 481 1948 μετέθηκεν
516 1882 678 1934 αὐτὸν
709 1884 741 1952 ἡ
787 1883 1080 1953 Ἰεζάϐελὴ
1117 1884 1260 1954 γυνὴ
1306 1863 1494 1939 αὐτοῦ.
1534 1905 1551 1936 ι
1620 1883 1751 1939 Εἶτα

1857 1906 1913 1948 ut
1969 1893 2171 1948 faceret
2223 1895 2425 1946 malum
2488 1909 2674 1946 coram
2735 1891 3006 1954 Domino;
3045 1898 3099 1942 et
3158 1881 3434 1958 quomodo

172 1965 248 2030 τί,
273 1969 477 2021 τούτων
509 1970 770 2038 ἀκούσας,
809 1977 977 2040 ποιεῖ;
1013 1977 1086 2028 Οὐ
1119 1978 1255 2047 φονᾷ
1276 1995 1288 2007 ·
1316 1979 1377 2028 οὐ
1417 1980 1552 2048 προς
1581 1978 1752 2046 θυμὸν

173 2058 477 2114 ἀνίσταται·
511 2064 646 2117 ἀλλὰ
678 2068 925 2148 κατηφὴς
953 2069 1213 2135 γεγονὼς,
1238 2073 1327 2122 ἐπὶ
1355 2071 1413 2122 τὸ
1434 2071 1753 2140 σκυθρωπὸν

175 2158 550 2220 μεταποιεῖται
580 2159 790 2228 σχῆμα,
843 2161 937 2212 καὶ
975 2161 1184 2229 γίνεται
1205 2165 1302 2231 τῆς
1326 2163 1516 2215 ἑαυτοῦ
1556 2163 1753 2230 μᾶλλον

171 2244 504 2315 ἐπιγνώμων
535 2252 764 2314 κακίας,
823 2253 923 2305 οὐκ
958 2254 1299 2325 ἀφηνιαστὴς
1343 2255 1453 2308 τῶν
1488 2274 1754 2325 προφητι-

171 2335 284 2389 κῶν
302 2339 560 2407 ἐλέγχων.
605 2359 622 2392 ι
661 2342 804 2394 ’Υπὸ
838 2344 945 2413 γάρ
973 2345 1066 2397 τοῦ
1115 2345 1273 2413 λόγου
1307 2345 1602 2416 κατενύγη,
1647 2365 1752 2418 φη-

171 2428 278 2488 σὶν,
317 2429 520 2498 Ἀχαάϐ
568 2431 675 2484 ἀπὸ
711 2435 1006 2502 προσώπου
1027 2431 1256 2506 Κυρίου,
1315 2437 1410 2489 καὶ
1461 2438 1754 2506 ἐπορεύετο

168 2508 414 2582 κλαίων(
446 2521 538 2572 καὶ
589 2520 871 2592 διέρρηξεν
909 2524 997 2576 τὸν
1028 2525 1230 2593 χιτῶνα.
1281 2526 1466 2587 αὐτοῦ,
1510 2529 1603 2579 καὶ
1635 2527 1757 2597 ἐνή-

175 2623 421 2673 στευσεν,
453 2610 546 2663 καὶ
575 2612 928 2681 περιεϐάλετο
973 2616 1194 2670 σάκκον.
1235 2635 1252 2667 ι
1288 2617 1352 2668 Τί
1376 2614 1470 2670 οὖν
1491 2619 1754 2671 όπάντων

170 2699 333 2766 ἡμῶν
355 2700 450 2770 τὴν
500 2704 832 2775 ἐπιστροφὴν
868 2707 1152 2777 ἀναμένων
1185 2709 1317 2772 Θεός
1337 2724 1351 2738 ⁸
1387 2711 1415 2761 ὀ
1445 2709 1643 2780 βραδὺς
1673 2711 1754 2772 είς

166 2789 231 2838 τδ
272 2787 508 2858 πλῆξαι,
543 2793 639 2844 καὶ
684 2796 855 2863 ταχὺς
888 2797 969 2859 είς
1024 2798 1082 2849 τὸ
1135 2799 1336 2865 σῶσαις
1379 2800 1490 2868 Τῆς
1532 2801 1753 2870 Γραφῆς

169 2875 436 2930 ἄκουσονο
498 2897 516 2930 ι
548 2881 657 2933 Καὶ
708 2878 862 2935 εἶπεν
921 2884 1140 2954 Κύριος,
1201 2887 1396 2955 φησίν·
1448 2887 1748 2954 Ἑώρακας,

183 2969 390 3035 Ἠλιοῦ,
425 2971 540 3033 πῶς
570 2974 844 3045 κατενύγη
885 2976 1088 3046 Ἀχαάϐ
1115 2979 1223 3030 άπὸ
1270 2978 1564 3048 προσώπου
1617 2997 1750 3048 μους

170 3061 331 3124 κάγὼ
352 3063 413 3114 οὐ
446 3064 518 3134 μὴ
552 3065 737 3130 ἐπάξω
791 3068 888 3138 τὴν
919 3071 1117 3123 κακὲαν
1148 3073 1204 3123 ὲν
1230 3074 1347 3134 ταῖς
1397 3073 1634 3141 ἡμέραις
1659 3075 1757 3126 αὑ-

167 3151 289 3206 τοῦ.
331 3172 348 3204 ι
386 3150 538 3216 Εἶδες
564 3155 732 3226 ὀργῆς
755 3159 1091 3230 ὑπερϐολήνς
1133 3157 1288 3226 Εἶδες
1317 3164 1494 3229 ὀξεῖαν
1524 3165 1752 3233 μεταϐο-

167 3244 304 3313 λήν;
338 3246 450 3299 Οὐκ
484 3247 592 3300 ἔδει
622 3247 796 3302 ταῦτα
824 3251 917 3303 τὸν
975 3251 1219 3322 Ἡρώδην
1251 3254 1450 3320 εἰδότα,
1502 3256 1593 3309 τὸν
1641 3257 1751 3309 ἴσον

166 3337 374 3407 τρόπον
428 3339 710 3406 ὑπελθείν;
743 3343 881 3407 Οὐκ,
909 3345 959 3395 εί
997 3346 1070 3413 μὴ
1102 3345 1294 3411 τοῦτο,
1325 3346 1423 3416 τήν
1456 3365 1517 3415 γε
1547 3366 1754 3418 μαρτυ-

171 3429 298 3498 ρίαν
323 3431 638 3500 αἰδεσθῆναι
689 3434 789 3503 τὴν
843 3436 1077 3500 ἑαυτοῦ,
1137 3439 1202 3506 ἥν
1249 3440 1630 3510 ἐμαρτύρησεν
1678 3441 1755 3511 τῷ

181 3521 440 3594 Ἰωάννης
482 3524 612 3586 Ναὶ,
641 3525 830 3579 τοῦτον
873 3529 932 3579 οὺ
989 3529 1257 3597 μετῆλθεν
1289 3531 1378 3583 τὸν
1426 3534 1651 3600 τρόπον.
1690 3533 1754 3584 Τί

166 3613 344 3681 δῆτας
387 3616 523 3685 πρὸς
561 3618 875 3686 μιαιφονίαν
925 3620 1024 3690 τὴν
1075 3622 1387 3691 φιληδονίαν
1425 3627 1752 3694 μετήνεγκε,

168 3706 284 3760 ἀπὸ
316 3708 422 3760 τῶν
454 3710 706 3778 γαμικῶν
727 3752 741 3775 ,
774 3710 868 3763 ἐπὶ
920 3713 986 3765 τά
1019 3715 1215 3780 φονικὰ
1250 3716 1623 3784 μεταϐιϐάσας
1666 3719 1757 3787 δρ-

165 3816 315 3866 γανα
338 3802 433 3872 τὴν
465 3803 773 3857 κακόνοιαν.
815 3805 1058 3878 Πονηρὸς
1089 3808 1116 3859 ὁ
1165 3808 1396 3878 τρόπος·
1455 3812 1757 3882 άεωφρόνι-

168 3910 302 3957 στος
327 3897 354 3948 ὁ
381 3898 600 3959 σκοπός.
638 3898 784 3951 Ἔδει
811 3900 941 3969 γὰρ,
987 3903 1036 3952 εἰ
1067 3903 1161 3953 καὶ
1193 3902 1266 3971 μὴ
1299 3902 1626 3972 καθυφεῖναι
1662 3903 1755 3956 τοῦ

167 3986 380 4050 πάθους
411 3988 681 4053 ἐϐούλετο,
721 3989 816 4042 τοῦ
840 4007 904 4059 γε
954 3994 1236 4062 προφήτου
1285 3994 1360 4064 μὴ
1389 3994 1650 4062 ἅψασθαι,
1678 3996 1759 4047 εί-

167 4077 280 4143 δὼς
312 4079 474 4132 αὑτὸν
501 4081 671 4154 ἄνδρα
686 4083 897 4136 δίκαιον
927 4085 1019 4137 καὶ
1051 4082 1227 4151 ἅγιον,
1256 4088 1350 4138 καὶ
1368 4087 1630 4149 πολλάκις
1659 4089 1760 4142 αὺ-

165 4169 268 4224 τοῦ
302 4169 539 4238 ἀκούων,
571 4175 666 4226 καὶ
722 4175 894 4227 πολλὰ
929 4176 1102 4228 ποιῶν
1120 4176 1189 4228 δι’
1234 4177 1417 4240 αὑτὸν,
1467 4180 1561 4231 καὶ
1591 4179 1761 4249 ἡδέως

168 4263 269 4315 ὑπ’
297 4263 481 4316 ἀὑτοῦ
530 4263 940 4335 διδασκόμενος.
991 4267 1132 4320 Ἀλλ’
1167 4261 1279 4321 οἷον
1321 4269 1469 4339 αὐτῷ
1498 4271 1559 4322 τὸ
1586 4271 1760 4341 πέρας

165 4355 283 4407 τῶν
307 4353 692 4424 βουλευμάτων
715 4397 731 4422 ,
768 4358 861 4410 καὶ
898 4358 1033 4427 πρὸς
1055 4360 1216 4414 ποίαν
1245 4360 1347 4429 τῆς
1381 4361 1639 4423 ἀϐουλίας
1667 4364 1761 4432 ὁρ-

170 4448 320 4516 μὴν,
377 4450 410 4518 ή
475 4450 857 4520 στρατηγοῦσα
908 4451 1190 4520 φιλήδονος
1252 4454 1415 4506 αὑτὸν
1477 4457 1760 4524 μιαιφονία

165 4538 567 4610 παρώτρυνενς
611 4542 721 4596 τῶν
745 4543 1153 4611 εὐαγγελιστῶν
1181 4544 1434 4598 ἄκουσον.

248 4741 268 4772 ι
307 4723 417 4776 Καὶ
466 4723 788 4795 γενομένης,
832 4726 1019 4796 φησιν,
1071 4726 1288 4798 ἡμέρας
1342 4731 1626 4799 εὐκαίρου,
1665 4733 1754 4786 ὅτε

181 4813 432 4884 Ἡρώδης
479 4819 592 4878 τοῖς
640 4816 906 4883 γενεσίοις
946 4818 1134 4882 αὐτοῦ,
1186 4819 1406 4872 δεῖπνον
1435 4821 1609 4874 ἐποίει
1639 4826 1754 4886 τοῖς

168 4912 502 4981 μεγιστᾶσιν
528 4910 718 4976 αὑτοῦ,
753 4911 847 4965 καὶ
873 4910 1199 4982 χιλιάρχοις,
1234 4915 1328 4966 καὶ
1374 4917 1488 4978 τοῖς
1511 4914 1751 4986 πρώτοις

251 5081 375 5137 CIII
403 5083 537 5155 Reg.
581 5099 692 5148 ut,
727 5083 813 5147 18,
848 5084 936 5139 19.

1852 2002 1974 2040 cum
2003 1987 2202 2038 evertit
2233 1983 2454 2037 Jezahel
2494 2000 2630 2036 lIXttl‘
2676 1998 2774 2035 sua
2821 1981 2863 2034 ί.
2904 1999 2923 2030 ι
2974 1979 3113 2031 Tum
3164 1995 3292 2046 ergo
3322 1980 3432 2041 ille,

1853 2094 1976 2131 cum
2007 2079 2120 2131 hinc
2158 2079 2428 2140 audisset,
2467 2076 2596 2144 quid
2641 2074 2810 2128 fecit?
2842 2073 2963 2125 Non
3004 2072 3057 2123 in
3094 2070 3296 2124 caulem
3332 2086 3434 2121 an-

1853 2171 2017 2232 helat,
2054 2186 2159 2221 non
2191 2170 2465 2220 excitatur
2493 2167 2558 2219 ad
2597 2167 2754 2224 iram,
2801 2164 2898 2216 scd
2938 2176 3172 2214 mmrorc
3204 2160 3435 2213 :tﬂ‘ectus

1855 2261 2100 2313 habitum
2134 2259 2198 2313 ad
2239 2260 2515 2312 tristitiam
2551 2256 2831 2323 componit
2864 2273 2874 2306 :
2927 2269 3198 2320 suumque
3261 2256 3435 2320 tnag's

1854 2353 2102 2419 agnoscit
2146 2351 2358 2415 scelus,
2393 2365 2501 2402 non
2540 2347 2846 2399 insolenter
2892 2344 3161 2396 adversus
3196 2343 3436 2412 prophe-

1855 2445 2020 2497 ticum
2077 2442 2564 2511 reprehensionem
2619 2439 2754 2508 agit.
2797 2455 2813 2486 ι
2853 2439 2898 2488 Α
2954 2451 3209 2490 sermone
3264 2435 3434 2494 enim,

1854 2537 2053 2605 inquit,
2091 2544 2459 2604 compunctus
2494 2540 2577 2585 est
2617 2531 2805 2584 Achab
2839 2545 2865 2580 a
2905 2528 3046 2582 faeie
3081 2527 3318 2590 Domini,
3381 2534 3437 2578 et

1855 2629 1964 2682 ibat
2013 2628 2255 2695 plorens,
2295 2634 2348 2679 et
2383 2623 2660 2679 conscidit
2726 2622 2966 2673 tunicam
3027 2634 3206 2684 suam,
3263 2627 3317 2672 ct
3351 2617 3439 2685 je-

1849 2722 2086 2790 junavit,
2124 2727 2178 2774 et
2210 2719 2440 2772 indutus
2472 2725 2556 2770 est
2583 2730 2804 2770 saccum
2833 2716 2878 2765 ε.
2921 2731 2937 2763 ι
2974 2711 3115 2777 Quid
3157 2725 3308 2777 ergo.
3342 2725 3436 2778 qui

1853 2815 2095 2867 omnium
2150 2819 2396 2864 nostrum
2456 2806 2878 2860 conversionem
2913 2807 3197 2870 exspectat
3257 2799 3434 2863 Dens;

1853 2906 1946 2973 qui
1982 2903 2172 2956 tardus
2205 2900 2387 2955 estad
2435 2894 2877 2965 percutiendum,
2922 2901 2975 2946 et
3017 2892 3173 2944 velox
3228 2888 3293 2941 ad
3326 2891 3438 2943 sal-

1853 2994 2090 3050 vandum
2112 2991 2290 3046 ?Audi
2317 2990 2664 3058 Scriptorum
2692 3003 2706 3038 :
2735 3005 2752 3036 ι
2795 2983 2859 3036 Ει
2889 2983 3031 3036 dixit
3052 2980 3338 3041 Dominus,
3359 2983 3440 3032 in-

1853 3089 1973 3157 quit
1999 3084 2251 3143 :Vidisti,
2273 3080 2413 3142 Elia,
2444 3076 2721 3148 quomodo
2745 3076 3112 3142 c'ompunctns
3135 3078 3219 3123 est
3250 3069 3440 3139 Achab

1855 3195 1884 3232 a
1917 3178 2055 3231 facie
2087 3175 2244 3230 mea?
2307 3172 2416 3227 Nec
2455 3187 2556 3239 ego
2603 3169 2857 3221 inducam
2906 3165 3108 3217 malum
3149 3164 3202 3215 in
3230 3161 3432 3214 diebus

1857 3271 1977 3339 ejus
2004 3270 2053 3322 ιι.
2082 3286 2123 3318 »-
2153 3265 2350 3320 Vidisti
2406 3276 2676 3317 summam
2739 3258 2918 3312 iram?
2954 3256 3152 3310 Vidisti
3201 3256 3439 3308 celerem

1860 3358 2262 3414 mutationem?
2322 3355 2442 3408 Non
2498 3355 2788 3422 oportebat
2841 3348 3138 3409 Herodem,
3197 3347 3289 3416 qui
3330 3347 3444 3400 ha'c

1861 3453 2051 3510 sciret,
2084 3452 2156 3502 ita
2207 3465 2265 3502 se
2301 3446 2530 3516 gerere?
2571 3444 2665 3497 Sin
2701 3452 2880 3496 autem
2917 3457 3019 3494 nec
3054 3441 3155 3493 hoc
3203 3441 3441 3503 volebat,

1861 3554 1914 3598 at
1946 3558 2044 3612 par
2075 3543 2266 3595 saltem
2305 3545 2425 3592 erat
2485 3547 2542 3589 nt
2583 3551 2745 3589 suum
2779 3533 2958 3602 ipsius
3005 3530 3072 3585 de
3106 3529 3317 3584 Joanne
3361 3544 3446 3583 re-

1860 3642 2144 3688 vereretur
2188 3628 2612 3686 testimonium?
2646 3625 2796 3678 Haud
2836 3631 2994 3678 certe
3044 3623 3115 3675 ita
3157 3637 3217 3677 se
3251 3621 3443 3691 gessit.

1862 3727 2000 3793 Quid
2036 3725 2206 3792 ergo?
2251 3723 2330 3775 Ad
2369 3722 2570 3776 eadem
2607 3719 2880 3773 luxuriam
2913 3716 3218 3774 transtulit,
3244 3715 3309 3767 ad
3343 3729 3447 3767 cae-

1863 3806 1946 3873 dis
1977 3820 2343 3872 instrnmenta
2379 3814 2679 3881 malignum
2714 3809 2960 3864 traduxit
2998 3808 3278 3860 animum.
3317 3804 3450 3858 Muli

1864 3925 2045 3964 mores
2079 3926 2091 3961 :
2135 3907 2522 3975 incastigabile
2574 3902 2950 3972 propositum.
2985 3901 3088 3951 Par
3118 3900 3264 3952 enim
3302 3905 3457 3962 erat,

1864 4012 1923 4057 ut
1957 4002 2230 4071 siquidem
2266 4000 2490 4053 nolebat
2541 4007 2852 4065 temperare
2885 4007 2913 4046 a
2943 3992 3101 4054 vitio,
3131 3991 3212 4044 vel
3253 3991 3454 4046 saltem

1865 4109 1974 4149 non
2019 4093 2318 4162 attingeret
2369 4091 2698 4160 prephetam
2736 4127 2752 4152 ,
2801 4099 2965 4154 quem
3019 4083 3199 4135 virum
3237 4081 3446 4149 justum

1866 4202 1929 4240 ac
1954 4195 2206 4240 sanctum
2265 4184 2476 4247 sciret;
2508 4195 2669 4250 quem
2723 4194 2866 4247 szepc
2896 4177 3149 4240 audiret;
3183 4175 3252 4227 ob
3287 4174 3454 4240 cujus

1865 4293 2089 4348 quoque
2124 4276 2497 4331 reverentiam
2557 4271 2728 4325 multa
2777 4273 3017 4332 faceret;
3050 4282 3112 4321 ac
3151 4267 3311 4334 cujus
3353 4266 3449 4317 do-

1867 4370 2102 4425 ctrinam
2135 4368 2331 4422 lubens
2357 4365 2662 4434 exciperet.
2692 4362 2887 4428 Qualis
2923 4375 3054 4413 vero
3089 4359 3136 4412 ci
3177 4357 3448 4425 obtigerit

1868 4461 2228 4515 consiliorum
2288 4458 2434 4520 ﬁnis,
2465 4466 2520 4510 et
2549 4457 2613 4508 ad
2650 4469 2811 4524 quem
2864 4452 3116 4505 amentia:
3157 4452 3451 4518 impetum,

1790 4544 1834 4599 Ι)
1866 4552 2173 4622 voluptaria
2211 4566 2338 4605 eum
2387 4549 2695 4603 crudelitas
2730 4546 2931 4613 egerit,
2959 4559 3068 4613 qua
3103 4543 3247 4598 duce
3299 4545 3450 4595 mili...

1865 4651 2004 4697 taret
2025 4683 2038 4702 .
2073 4641 2200 4695 audi
2230 4655 2424 4696 sacros
2453 4638 2854 4708 evangelistas.

1906 4755 1955 4787 η(
2002 4735 2066 4789 Ει
2120 4751 2242 4790 cum
2292 4735 2430 4798 dies,
2482 4733 2683 4801 inquit,
2735 4739 3082 4799 opportunus
3123 4726 3450 4789 accidisset,

1861 4823 2104 4881 Herodes
2132 4825 2326 4880 natalis
2363 4823 2449 4878 sui
2481 4837 2698 4876 cmnam
2735 4820 2870 4874 fecit
2930 4817 3277 4888 principibus
3307 4818 3449 4879 suis,

1859 4931 1912 4973 et
1935 4918 2194 4981 tribunis,
2249 4927 2301 4971 et
2338 4916 2533 4987 primis
2583 4914 2840 4968 Galilmm.
2877 4911 3128 4979 Cumque
3164 4909 3449 4965 introisSct

1020 5085 1037 5123 ί
1083 5086 1220 5140 ibid.
1273 5087 1362 5140 20.
1444 5089 1633 5142 liibiil.
1694 5089 1786 5142 27.
1866 5091 1892 5129 ιι
1933 5091 2066 5145 ibid.
2116 5091 2208 5144 ‘29.

1443 5226 1679 5283 VARUE
1741 5229 2146 5284 LECTlONliS.

248 5318 292 5349 ⁷⁷
328 5315 457 5388 Leg.
490 5316 704 5388 ἐπράθη
733 5333 801 5372 ex
843 5316 1107 5387 Septuag.

1498 5449 1888 5507 COMBEFISII
1929 5451 2161 5507 NOTAE.

245 5548 368 5618 (20)
431 5547 711 5615 Quomodo
743 5557 978 5602 tentatus
1023 5556 1122 5602 est.
1189 5545 1517 5617 Ἐπειράθη.
1573 5546 1752 5601 liabet

156 5617 368 5678 noster
391 5621 512 5674 cod.
546 5621 843 5687 habuitque
867 5619 1036 5674 codex
1062 5619 1372 5687 Liponiani.
1397 5617 1556 5685 cujus
1585 5618 1756 5672 inter-

159 5706 351 5754 pres:
411 5690 690 5757 Quomodo
751 5691 992 5752 tentavit,
1050 5691 1241 5758 sicque
1286 5689 1428 5743 forte
1472 5689 1756 5755 scripserit

160 5759 472 5832 Andreas,
515 5762 733 5815 tametsi
782 5763 952 5823 liquati
1009 5775 1149 5832 esse
1185 5760 1560 5827 ple'onasmum
1608 5759 1756 5832 illius

159 5830 528 5906 diphthongi,
571 5848 634 5887 ac
664 5832 950 5903 legendum
985 5830 1198 5903 ἐπράθη
1224 5849 1266 5897 ο,
1291 5832 1433 5901 quod
1489 5846 1589 5884 vox
1649 5830 1755 5884 lle-

1861 5550 2067 5615 braica,
2093 5550 2304 5612 liquido
2341 5550 2521 5610 habet.
2563 5551 2909 5620 redduntque
2944 5565 3138 5605 omnes
3173 5551 3450 5620 interpre-

1863 5630 1981 5683 tes,
2023 5633 2245 5681 πει-ατ.
2295 5621 2656 5675 l'enumdalus
2707 5633 2806 5674 est.
2854 5624 3055 5676 Crasse
3101 5622 3262 5674 nimis
3296 5632 3450 5689 post.

1865 5692 2084 5746 .nodum
2129 5693 2502 5762 typograplms
2541 5694 2622 5754 τὸ,
2660 5691 3028 5761 Proplwtt'cam
3081 5693 3449 5759 reprehensio-

1866 5780 2002 5832 nem,
2034 5765 2311 5833 expressit
2346 5764 2691 5831 prohibitam.
