4176 6448
796 365 932 430 ιτιρ

1955 387 2013 443 S.
2060 385 2384 442 ANDREJ‘I
2426 386 2845 445 CRETENSIS

3949 392 4086 456 nm

789 480 901 531 ﬁlia
957 481 1132 549 ipsius
1192 481 1542 549 llerodiadis,
1581 497 1633 541 et
1660 490 1939 554 saltasset,
1971 499 2026 544 et
2061 493 2333 560 placuisse

2469 494 2568 561 τῆς
2594 495 2904 556 Γαλιλαίας.
2945 496 3053 548 Καὶ
3079 498 3435 569 εἰσελθούσης
3462 500 3555 569 τῆς
3582 501 3866 573 θυγατρδς
3901 507 4079 573 αὐτῆς

787 567 1012 631 llerodi,
1046 573 1320 641 simulque
1354 581 1840 640 recumbentilms,
1899 595 1991 633 rex
2022 584 2099 634 ait
2129 585 2360 650 puellae:

784 657 918 713 Pete
949 676 977 712 a
1015 677 1101 715 me
1153 667 1300 731 quod
1334 668 1432 729 vis,
1467 677 1520 720 et
1553 671 1698 721 dabo
1739 673 1859 735 tibi,
1891 689 2067 741 usque
2099 675 2167 725 ad
2202 675 2366 727 dirui-

781 749 933 802 dium
999 755 1151 821 regni
1196 757 1319 810 mei.
1361 756 1516 812 Unde
1561 777 1690 813 eum
1729 765 2049 828 juramento
2082 768 2363 833 pollicitus

779 843 931 895 estei
955 843 1084 896 dare
1109 847 1379 913 quidquid
1431 854 1785 917 postulasset.
1823 856 1957 920 Quae
1979 874 2106 910 cum
2131 861 2360 924 exisset,

778 930 918 982 dixit
950 937 1110 984 matri
1147 951 1264 988 suze
1291 956 1303 991 :
1334 938 1474 1002 Quid
1503 945 1722 1008 petam?
1755 948 1824 998 At
1849 947 1940 999 illa
1971 947 2112 1002 dixit
2147 969 2159 1002 :
2186 951 2363 1018 Caput

775 1017 1004 1076 Joannis
1037 1024 1316 1092 Baptistae.
1342 1028 1589 1099 Cumque
1627 1035 1913 1090 introisset
1933 1041 2117 1092 statim
2138 1017 2364 1096 cumife-

775 1111 1078 1167 stinatione
1101 1117 1164 1169 ad
1200 1134 1404 1186 regem,
1434 1125 1798 1190 petiitdicens
1830 1129 1998 1183 :Volo
2029 1134 2360 1201 utprotinus

774 1201 869 1254 des
904 1205 1032 1256 mibi
1074 1209 1126 1258 in
1160 1208 1315 1261 ἀίει-(ι
1346 1223 1506 1276 caput
1534 1213 1770 1271 Joannis
1816 1213 2096 1288 Baptistae.
2128 1222 2190 1276 Et
2225 1240 2360 1278 con-

777 1294 1031 1347 tristatus
1067 1308 1149 1348 est
1187 1315 1279 1350 rex
1315 1316 1326 1350 :
1365 1305 2000 1374 propterjusjurandmn
2033 1321 2088 1364 et
2132 1322 2358 1381 propter

773 1383 1390 1454 simuldiscumbentes,
1423 1395 1739 1448 noluiteam
1771 1398 2006 1467 rejicere
2043 1403 2357 1471 :inissoque

776 1474 962 1523 statim
1021 1477 1383 1546 spiculatore,
1422 1487 1683 1553 praecepit
1721 1487 1904 1542 afferri
1947 1501 2111 1561 caput
2143 1493 2262 1560 ejus
2295 1495 2352 1548 in

770 1561 941 1616 disco.
1007 1565 1209 1636 llleque
1246 1572 1437 1627 abiens
1488 1577 1791 1631 decollavit
1823 1596 1946 1634 eum
1999 1584 2052 1636 iu
2103 1599 2350 1648 carcere,

768 1663 822 1705 et
851 1656 1033 1708 attulit
1055 1669 1220 1726 caput
1255 1662 1375 1730 ejus
1405 1665 1454 1716 in
1486 1665 1668 1731 disco;
1697 1679 1749 1722 et
1773 1673 1921 1731 dedit
1959 1674 2087 1725 illud
2117 1676 2308 1743 puella:
2335 1695 2346 1728 :

767 1754 822 1798 et
870 1748 1047 1814 puella
1088 1750 1240 1804 dedit
1295 1757 1454 1808 matri
1489 1773 1607 1811 sua:
1647 1761 1689 1812 ί.
1734 1779 1752 1812 ι
1788 1760 1833 1813 Ο
1873 1766 2108 1819 acerbos
2139 1769 2350 1820 natales

765 1851 828 1889 ac
888 1854 1100 1894 cwuam
1152 1844 1299 1897 czede
1344 1847 1585 1912 plenam!
1633 1853 1792 1906 Hunc
1827 1855 1922 1907 tibi
1967 1857 2079 1923 ipse
2111 1861 2343 1913 servasti

765 1928 1067 1983 honorem?
1099 1931 1211 1988 llas
1271 1945 1366 1989 tuo
1403 1941 1571 1993 natali
1640 1942 1876 1999 intulisti
1915 1947 2186 2002 delicias?
2214 1949 2345 2006 Tale

761 2021 860 2074 tibi
905 2025 1108 2085 parasti
1151 2029 1510 2084 convivium?
1553 2031 1697 2089 lisne
1758 2035 1980 2092 ﬂuentis
2029 2041 2340 2108 sanguinis,

761 2128 975 2166 cumam
1011 2117 1262 2170 convivis
1299 2127 1610 2189 temperare
1647 2126 1936 2180 habuisti?
1978 2131 2068 2183 Sic
2103 2131 2342 2185 honora-

761 2205 830 2256 sti
881 2205 1157 2268 tribunos,
1210 2219 1432 2279 tamque
1466 2214 1699 2285 benigne
1757 2222 2024 2288 excepisti
2087 2225 2343 2277 amicos?

759 2291 948 2360 Neque
988 2295 1246 2350 Davidem
1282 2303 1554 2357 reveritus
1600 2322 1659 2359 es
1695 2305 1740 2373 i,
1783 2309 1877 2375 qui
1911 2312 2285 2378 reprehensus
2312 2331 2342 2367 a

757 2383 994 2448 Natban,
1049 2402 1336 2457 peceatqu
1370 2408 1397 2443 a
1439 2409 1518 2457 se,
1569 2411 1676 2448 non
1723 2403 2065 2470 arrogantia,
2095 2405 2189 2457 sed
2225 2422 2340 2474 pte-

757 2475 987 2529 nitenlia
1045 2478 1292 2548 depulit?
1340 2482 1527 2553 Neque
1565 2495 1615 2541 le
1649 2487 1833 2544 Saulis
1883 2491 2075 2559 puduit
2101 2495 2148 2557 ιε,
2181 2497 2272 2564 qui
2310 2515 2338 2550 a

757 2581 956 2628 magno
1024 2567 1299 2634 Samuele,
1358 2590 1543 2629 coram
1596 2579 1714 2646 ipsa
1775 2578 2066 2636 lsraelitiei
2142 2589 2336 2654 populi

757 2658 1108 2713 multitudine
1169 2666 1420 2720 severius
1471 2671 1807 2735 perstrictus
1858 2688 1924 2726 ac
1982 2677 2334 2745 Olljurgattts,

755 2745 888 2798 nihil
929 2757 1112 2802 tamen
1168 2752 1221 2804 in
1263 2769 1413 2816 eum,
1462 2772 1560 2823 pro
1591 2773 1688 2811 sua
1745 2761 1799 2814 in
1832 2763 2155 2831 prophetam
2189 2782 2339 2820 reve-

754 2841 954 2900 rentia,
991 2844 1216 2906 gravius
1259 2851 1607 2915 perpetrarit.
1643 2850 1761 2904 Non
1800 2856 2262 2920 animadvertisti,
2303 2875 2336 2911 o

753 2929 1182 2987 miserlAchab
1237 2942 1289 2988 te
1349 2938 1530 2992 scelus
1595 2940 1651 2993 in
1709 2939 1927 2997 Nahoth
1971 2946 2330 3016 duplicasse:

749 3018 896 3087 quod
929 3021 1016 3075 ille
1040 3025 1258 3091 quidem
1284 3019 1664 3096 deprehensus
1696 3033 1768 3088 sit
1814 3037 1992 3091 victus
2035 3039 2336 3108 cupiditate

2467 582 2569 649 τῆς
2635 585 2984 654 Ἡρωδιάδος,
3046 589 3141 638 καὶ
3197 590 3608 660 ὀρχησαμένης,
3643 594 3738 644 καὶ
3778 596 4076 663 ἀρεσάσης

2465 672 2543 739 τῷ
2590 672 2824 742 Ἡρώδῃ,
2861 674 2957 725 καὶ
2987 679 3094 738 τοῖς
3128 681 3631 747 συνανακειμένοις,
3659 677 3818 734 εἶπεν
3849 687 3881 735 ἁ
3916 684 4073 750 βασι-

2466 761 2591 824 λεὺς
2619 763 2696 831 τῷ
2715 765 2977 834 κορασίῳ·
2999 767 3237 836 Αἴτησόν
3263 787 3328 837 με
3363 769 3391 821 ὃ
3426 771 3520 821 ἐὰν
3552 771 3730 841 θέλῃς,
3774 775 3875 824 καὶ
3911 774 4073 825 δώσω

2469 871 2575 918 σοι,
2601 854 2704 916 ἓως
2729 857 2960 922 ἡμίσους
2979 857 3078 924 τῆς
3097 858 3375 926 βασιλείας
3404 877 3526 928 μου.
3557 861 3719 912 Ὅθεν
3740 863 3869 928 μεθ’
3899 865 4069 931 ερκου

2465 944 2822 1012 ὡμολόγησεν
2881 947 3021 1016 αὐτῇ
3089 948 3275 1002 δοῦναι
3335 951 3363 1001 ὃ
3416 953 3864 1021 ὲάναίτήσηται.
3917 957 4069 1010 Ἠειέ

2465 1033 2779 1099 ἐξελθοῦσα,
2829 1031 2982 1089 εἶπεν
3042 1041 3108 1108 τῇ
3163 1041 3333 1110 μητρὶ
3375 1043 3573 1110 αὐτῆς.
3610 1045 3674 1098 Τί
3708 1048 4062 1114 αἰτήσομαι;

2476 1123 2536 1175 Ἡ
2555 1124 2610 1175 δὲ
2642 1121 2798 1178 εἶπεν
2821 1143 2834 1156 ο
2867 1127 2977 1196 Τὴν
3005 1129 3250 1197 κεφαλὴν
3295 1131 3545 1185 Ἰωάννου
3579 1135 3674 1187 τοῦ
3711 1136 4062 1191 Βαπτιστοῖι.

2462 1216 2572 1267 Καὶ
2601 1217 2923 1270 εἰσελθοῦσα
2950 1219 3154 1282 εὐθέως
3209 1222 3347 1289 μετά
3381 1224 3612 1292 σπουδῆς
3645 1229 3788 1294 προς
3827 1229 3928 1279 τὸν
3976 1228 4064 1294 βα-

2461 1308 2632 1371 σιλέα,
2669 1310 2910 1378 ᾐτήσατο
2939 1310 3198 1378 λέγουσα⁰
3226 1313 3378 1365 Θέλω
3407 1315 3492 1366 ἵνα
3544 1334 3634 1384 μοι
3667 1317 3776 1386 δῷς
3806 1319 3868 1381 ἐξ
3891 1321 4064 1385 αὐτῆς

2459 1397 2552 1447 ἐπὶ
2606 1397 2798 1449 πίνακι
2859 1400 2959 1467 τὴν
2994 1401 3236 1469 κεφαλὴν
3274 1400 3522 1455 Ἰωάννου
3578 1404 3674 1456 τοῦ
3711 1406 4056 1461 Βαπτια-εοῦ.

2457 1487 2568 1539 Καὶ
2602 1491 2903 1557 περίλυπος
2960 1493 3253 1561 γενόμενος
3298 1495 3326 1545 ὁ
3366 1494 3643 1562 βασιλεὺς,
3687 1497 3781 1549 διά
3815 1501 3952 1560 τοὺς
3978 1502 4060 1567 ὀρ-

2456 1596 2586 1642 κους
2615 1582 2863 1643 καὶτοὺς
2905 1585 3426 1652 συνανακειμένους,
3479 1588 3578 1638 οὑκ
3627 1587 3913 1656 ἠθέλησεν
3949 1592 4060 1645 ἀθε-

2454 1670 2617 1738 τῆσαι
2678 1674 2892 1741 αὑτήν⁸
2957 1675 3052 1725 καὶ
3103 1675 3306 1738 εὐθέως
3363 1678 3695 1740 ἀποστείλας
3744 1682 4058 1734 σπεκουλά-

2453 1777 2624 1829 τωρα,
2687 1763 2949 1828 ἐπέταξεν
2997 1764 3283 1834 ἐνεχθῆναι
3317 1768 3415 1834 τήν
3448 1767 3700 1838 κεφαλὴν
3746 1771 3954 1824 αὑτοῦ.
4006 1774 4056 1824 '0

2382 1831 2422 1888 Β
2452 1851 2506 1903 δὲ
2532 1852 2786 1907 ἀπελθὼν
2818 1854 3224 1923 ἀπεκεφάλισεν
3257 1857 3428 1926 αὐτὴν
3464 1859 3522 1909 ἐν
3569 1862 3633 1928 τῇ
3673 1862 3933 1930 φυλακῇ,
3970 1866 4055 1914 καὶ

2449 1945 2682 2012 ἦνεγκεν
2711 1946 2809 2014 τὴν
2840 1948 3084 2017 κεφαλὴν
3115 1946 3282 2000 αὑτοῦ
3340 1948 3436 2000 ἐπὶ⁵
3462 1950 3678 2014 πίνακι,
3710 1953 3817 2005 καὶ
3857 1955 4055 2006 ἔδωκεν

2447 2031 2615 2100 αὐτὴν
2644 2032 2722 2102 τῷ
2745 2037 2989 2106 κορασίῳ
3019 2055 3030 2066 ·
3063 2038 3159 2090 καὶ
3193 2040 3254 2090 τὸ
3285 2042 3543 2109 κοράσιον
3561 2041 3856 2096 ἐπέδωκεν
3889 2047 4056 2114 αὐτὴν

2445 2125 2511 2192 τῇ
2546 2127 2715 2195 μητρὶ
2749 2128 2942 2198 αὐτῆς.
2979 2147 2995 2178 ι
3030 2131 3093 2181 Ὢ
3121 2133 3383 2197 γενεσίων
3421 2135 3666 2203 πικρῶν,
3695 2139 3798 2188 καὶ
3833 2137 4053 2190 δείπνου

2447 2215 2608 2282 φονου
2637 2218 2838 2287 μεστοῦ
2870 2222 2881 2272 ι
2915 2219 3132 2290 Ταύτην
3157 2223 3369 2293 σεαυτῷ
3387 2229 3703 2295 τετήρηκας
3735 2228 3839 2294 τὴν
3869 2233 4053 2298 τιμὴν,

2445 2306 2650 2376 ταύτην
2696 2312 2810 2372 τοῖς
2866 2313 2978 2372 σοῖς
3041 2314 3307 2379 γενεσίοις
3363 2318 3722 2385 προσήγαγες
3753 2322 3863 2388 τὴν
3930 2339 4056 2390 τριδ-

2446 2399 2586 2467 φήν;
2616 2399 2872 2454 Τοιοῦτον
2903 2405 3120 2472 σεαυτῷ
3152 2407 3574 2474 παρεσκεύασας
3598 2408 3659 2460 τὸ
3694 2412 4057 2478 συμπόσιον;

2444 2490 2630 2552 Uiro);
2659 2493 2889 2560 αἵματος
2917 2497 3123 2561 ὀχετοῖς
3159 2498 3264 2548 ἔδει
3293 2502 3528 2567 κεράσαι
3567 2503 3685 2562 τοῖς
3732 2507 4056 2568 συμπόταις

2441 2580 2500 2631 τὸ
2531 2581 2780 2647 δεῖπνονς
2830 2585 2987 2638 υῦτω
3037 2590 3163 2649 τοὺς
3219 2595 3539 2660 χιλιάρχους
3574 2593 3930 2661 τετίμηκας,
3966 2599 4054 2645 καὶ

2441 2675 2566 2736 τοὺς
2599 2676 2789 2743 φίλους
2841 2679 3358 2751 πεφιλοφρόνηκας;
3415 2685 3550 2736 Οὐδὲ
3610 2686 3704 2737 τὸν
3752 2688 3935 2740 Δαεὶδ
3971 2693 4051 2739 ἐν-

2441 2769 2687 2834 ετρὰπης
2739 2769 2844 2820 ὑπὸ
2897 2771 2990 2821 τοῦ
3020 2771 3208 2823 Νάθαν
3260 2775 3606 2842 ἐλεγχθέντα,
3644 2778 3744 2828 καὶ
3785 2780 4052 2848 μετανοίᾳ

2445 2857 2665 2924 μᾶλλον,
2701 2860 2802 2911 οὐκ
2835 2860 3084 2931 ἀπονοία,
3127 2865 3225 2931 τὴν
3265 2866 3543 2935 ἁμαρτίαν
3570 2868 4048 2939 ἀποσκευασάμε-

2441 2965 2567 3012 νον;
2598 2950 2732 3003 Οὐδὲ
2772 2951 2864 3003 τὸν
2897 2953 3070 3006 Σαοὺλ
3100 2955 3332 3026 ῂδέσθης
3377 2959 3481 3009 ὑπο
3523 2959 3616 3010 τοῦ
3654 2963 3911 3026 μεγάλου
3951 2964 4050 3014 Σα-

2444 3039 2637 3112 μουὴλ,
2671 3042 2762 3094 ἐπὶ
2793 3043 2976 3112 πάσης
3005 3045 3142 3114 ὁμοῦ
3201 3046 3300 3113 τῆς
3349 3049 3760 3120 Ἰσραηλιτεκῆς
3799 3054 4045 3124 πληθύος

749 3112 943 3176 vinea,
1001 3122 1252 3168 aeterne
1294 3118 1554 3175 inanimis
1602 3124 2024 3195 plantarumque
2072 3131 2332 3186 viuifera-

2440 3136 2554 3195 τοῖς
2594 3134 2864 3204 ἐλέγχοις,
2939 3112 3348 3207 ἐπιπληχθέντα
3397 3112 3532 3210 μὲν,
3573 3112 3917 3213 πὶῂνῄαίδοῖ

748 3217 869 3255 rum
908 3213 1001 3257 :tu
1029 3217 1211 3260 autem
1269 3211 1521 3266 mulieris
1588 3215 1857 3271 adulterio
1922 3218 2138 3276 {redata
2180 3239 2327 3287 reus,

748 3297 1192 3367 insidiarumque
1224 3302 1392 3354 cubili
1426 3302 1674 3360 fraterno
1709 3290 2051 3377 positarum;
2082 3328 2146 3366 ac
2179 3316 2326 3383 quod

746 3389 1015 3441 malorum
1051 3393 1300 3446 omniurn
1333 3409 1658 3463 supremqu
1712 3407 1818 3464 est,
1859 3404 2012 3456 necis
2049 3407 2328 3474 propheta:

742 3486 909 3546 atque
964 3479 1241 3549 Baptistae,
1291 3483 1456 3553 idque
1501 3487 1551 3540 in
1597 3489 1686 3543 die
1726 3489 2078 3558 deliciarum,
2114 3507 2166 3549 et
2199 3510 2326 3550 cum

742 3571 1121 3625 natalitiorum
1149 3582 1405 3641 ageretur
1443 3575 1582 3631 dies.

740 3666 905 3731 φικῆς
945 3679 1132 3734 κοιτης
1166 3667 1424 3737 ὲπιίόυλῇ
1463 3669 1638 3734 ·καί,
1686 3670 1747 3724 τὸ
1805 3674 2022 3726 πάντων
2079 3677 2266 3730 κακῶν

736 3754 928 3815 ταῦτα,
958 3756 1014 3806 ἐν
1039 3757 1254 3826 τρυφῆς
1288 3758 1492 3830 ἡμέρᾳ,
1520 3761 1616 3812 καὶ
1645 3764 1908 3828 γενεσίων
1946 3765 2159 3837 τελετῇ.

811 3845 1030 3900 L'tinam
1056 3866 1156 3903 nec
1188 3865 1341 3906 esses
1363 3863 1548 3918 natus,
1578 3872 1756 3924 neque
1781 3859 1834 3911 in
1872 3860 2048 3914 lucem
2078 3864 2324 3919 venisses

735 3955 905 4009 super
969 3945 1212 3997 terram!
1287 3942 1508 3999 Utinam
1564 3951 1819 4017 periisset
1880 3968 2064 4006 semen
2099 3969 2163 4008 ex
2213 3971 2324 4021 quo

733 4031 1080 4098 germinasti,
1103 4048 1166 4086 ac
1199 4041 1390 4089 uterus
1422 4050 1486 4088 ex
1518 4051 1629 4105 quo
1657 4041 1941 4105 prodiistii
1975 4041 2132 4104 Nam,
2162 4059 2318 4114 rogo,

731 4136 973 4190 quanam
1027 4139 1089 4176 ex
1144 4139 1315 4179 causa
1381 4130 1728 4195 prepiietam,
1790 4146 1913 4200 qua:
1976 4148 2101 4186 vera
2132 4144 2320 4189 essent

732 4215 1149 4283 praedicantem,
1211 4217 1561 4288 nefandaque
1621 4227 1714 4276 tua
1756 4236 2108 4294 arguentem,
2144 4230 2317 4282 inter-

731 4312 951 4367 fecisti?
1012 4315 1148 4368 Cum
1208 4326 1357 4372 esset
1406 4318 1459 4372 in
1511 4332 1792 4391 promptu,
1835 4335 1893 4377 ut
1922 4325 2106 4380 scelus
2133 4334 2313 4380 tecum

727 4406 914 4459 animo
949 4409 1222 4477 cogitans,
1262 4413 1332 4466 ab
1357 4428 1424 4466 eo
1457 4415 1796 4479 deelinares,
1828 4432 1892 4471 ac
1921 4418 2309 4486 resipisceres;

2439 3226 2575 3294 πρὸς
2599 3226 2690 3278 τὸν
2718 3229 3030 3297 προφήτην,
3096 3231 3266 3298 μηδὲν
3328 3232 3491 3285 πλέον
3545 3234 4044 3306 διαπραξάμενονς

2435 3312 2683 3387 ¹Λέληθας
2742 3322 2992 3384 σεαυτὸν,
3030 3323 3206 3386 ἄθλιε,
3236 3322 3335 3393 τὴν
3382 3325 3588 3394 Ἀχαάὁ
3637 3329 3739 3382 ἐπὶ
3788 3331 4045 3384 Ναϐουθέ

2437 3412 2786 3480 παρανομίαν
2833 3413 3222 3476 διπλασιάσας.
3285 3416 3410 3468 ὅσον
3461 3420 3489 3469 ὁ
3539 3418 3639 3486 μὲν
3707 3422 4044 3490 ἀμπελῶνος

2437 3501 2728 3572 ἐπιθυμίᾳ.
2763 3503 2866 3571 γῆς
2891 3521 2948 3556 τε
2981 3505 3214 3574 ἀψύχου,
3255 3508 3349 3559 καὶ
3391 3507 3573 3575 φυτῶν
3595 3512 3923 3583 οίνηφὸρων
3956 3519 4044 3585 ἡτ-

2433 3592 2618 3659 τηθεὶς
2645 3594 2908 3665 ἐφωράθη
2931 3612 2943 3625 ·
2983 3597 3046 3649 σὺ
3073 3597 3150 3660 δὲ,
3183 3600 3446 3665 γυναικὸς
3478 3602 3719 3672 μοιχεία,
3758 3608 3866 3658 καὶ
3892 3609 4042 3661 ἀδελ-

2337 3679 2595 3751 ἔσχατον,
2653 3687 2938 3756 προφήτου
2995 3689 3090 3741 καὶ
3143 3689 3454 3743 Βαπτιστοῡ
3536 3697 3864 3767 μιαιφονίᾳο
3906 3719 3914 3726 ·
3956 3703 4042 3752 καὶ

2515 3865 2602 3927 Ὠς
2653 3864 2763 3917 εἴθε
2820 3865 2896 3936 μή
2941 3868 3263 3937 γεγέννησο,
3303 3870 3440 3940 μηδέ
3480 3874 3560 3933 είς
3613 3874 3733 3942 φῶς
3785 3873 4040 3947 ἦλθεςτὸ

2434 3956 2574 4024 ὑπὲρ
2603 3956 2729 4025 γῆν.
2780 3957 2868 4019 Ὠς
2896 3959 3151 4012 ἀπόλοιτο
3195 3964 3227 4029 ή
3266 3963 3467 4034 σπορὰ,
3503 3959 3570 4034 ἦς
3609 3967 3777 4032 αὐτὸς
3815 3971 4039 4035 ἐξεϐλά-

2432 4062 2657 4116 στησας,
2694 4049 2789 4100 καὶ
2817 4051 2849 4117 ή
2887 4051 3071 4118 νηδὺς,
3109 4051 3166 4116 ἐξ
3197 4048 3264 4123 ἧς
3296 4055 3698 4125 προελήλυθας.
3743 4061 3897 4114 ⁹Δνθ¹
3920 4067 4038 4118 ὅτου

2430 4137 2555 4208 γὰρ,
2588 4139 2731 4200 είπὲ,
2757 4141 2851 4193 τὸν
2905 4144 3198 4213 προφήτην
3225 4146 3440 4209 ἀνεῖλες
3489 4149 3704 4220 τάληθῆ
3740 4151 4037 4225 διαγορεύ-

2427 4246 2616 4293 σαντα,
2643 4232 2736 4283 καὶ
2776 4233 3033 4301 περὶτῶν
3057 4235 3118 4286 ού
3153 4236 3449 4304 πρακτέων
3472 4238 3774 4304 ἐλέγξαντα
3804 4259 3821 4303 ς
3864 4249 4036 4314 nam

2422 4323 2560 4391 πρὸς
2586 4323 2688 4392 τὴν
2711 4324 2776 4377 ἐκ
2801 4323 2898 4376 τοῦ
2956 4325 3128 4392 ἄγους
3179 4330 3563 4398 συστραφέντα
3608 4333 3871 4402 μνήμην,
3903 4337 4034 4390 ἀπο-

2419 4414 2597 4468 κλῖναι
2630 4415 2726 4468 τοῦ
2764 4415 3002 4485 μύσους⁸
3047 4418 3079 4487 ἢ
3138 4420 3276 4489 πρὸς
3313 4420 3415 4490 τὴν
3472 4423 3582 4474 τῶν
3614 4422 3871 4493 ἐλέγχων
3896 4435 4034 4501 παρ-

725 4505 857 4551 utve
887 4498 952 4552 ad
991 4499 1221 4554 liberam
1259 4505 1748 4574 reprehensionem
1775 4508 2018 4562 animum
2041 4508 2310 4579 dirigens,

2437 4508 2620 4578 Εησίαν
2674 4510 2768 4562 τὸν
2828 4511 2954 4563 νοῦν
3007 4510 3415 4578 ἀπευθύναντα,
3487 4515 3728 4584 σώφρονι
3774 4493 4032 4591 λογισμῷ

725 4591 913 4645 sobria
969 4595 1309 4662 cogitatione
1355 4610 1666 4670 assumpta,
1691 4600 1745 4655 id
1781 4603 1927 4672 quod
1957 4605 2312 4673 praestantius

721 4689 893 4745 esset,
942 4681 1263 4752 obtineres;
1317 4688 1372 4741 in
1413 4691 1760 4744 contrarium
1823 4692 1985 4760 plane
2019 4694 2312 4762 prolapsus

721 4786 803 4834 es,
853 4773 1053 4826 malum
1094 4777 1285 4846 utique
1334 4781 1478 4833 malo
1519 4783 1751 4845 addens,
1793 4799 1901 4836 non
1935 4785 2012 4836 uti
2044 4786 2311 4853 oportuit.

721 4863 1005 4931 depelleus
1043 4883 1054 4918 :
1092 4883 1154 4922 ac
1198 4869 1473 4939 siquidem
1526 4889 1670 4943 aegre
1727 4875 2052 4943 reprehendi
2099 4876 2308 4938 ferens,

720 4971 788 5009 eo
843 4955 1117 5014 deductus
1179 4978 1274 5026 es;
1309 4963 1438 5018 hinc
1479 4966 1640 5034 plane
1669 4967 1912 5021 alienum
1951 4983 1978 5020 a
2009 4968 2305 5037 disciplina

719 5049 991 5104 ostendis.
1054 5051 1380 5121 Diligendus
1415 5055 1587 5120 enim,
1623 5073 1732 5111 non
1766 5058 2112 5114 occidendus
2164 5067 2306 5124 erat,

722 5140 812 5209 qui
845 5155 1121 5210 argueret,
1160 5147 1234 5199 uti
1267 5145 1581 5202 Salomonis
1613 5150 1894 5205 sententia
1923 5159 2007 5205 est
2047 5149 2064 5189 ι
2093 5167 2108 5216 ;
2147 5161 2205 5204 ιιι
2243 5167 2311 5206 ne

719 5241 773 5285 et
831 5233 945 5302 ipse
973 5245 1113 5286 esset
1139 5238 1437 5295 auditurus
1469 5258 1480 5292 :
1519 5261 1537 5292 ι
1587 5242 1840 5297 Oderunt
1897 5252 2219 5312 arguentem
2255 5244 2308 5297 in

723 5328 922 5393 portis.
953 5337 1000 5381 et
1032 5344 1348 5385 sermonem
1398 5343 1652 5388 sanctum
1689 5335 1986 5388 abominati
2025 5343 2157 5389 sunt
2186 5347 2246 5388 ω.
2287 5355 2306 5386 ι

722 5415 820 5468 Sin
848 5425 1028 5470 autem
1054 5433 1182 5473 eum
1211 5421 1602 5490 jusjurandum
1633 5440 1856 5479 servare
1885 5426 2074 5488 velles,
2106 5426 2308 5480 czedem

723 5512 1098 5578 pra-posuisd,
1183 5521 1448 5583 tanquam
1523 5517 1615 5585 qui
1687 5516 1918 5586 periurii
1984 5517 2308 5571 barathrum

715 5600 950 5674 .fugeres
985 5620 996 5655 :
1029 5603 1312 5659 enimvero
1344 5621 1440 5676 par
1465 5615 1585 5662 erat
1625 5615 1684 5662 ut
1738 5624 1838 5678 pro
1859 5609 2028 5680 regali
2069 5610 2312 5678 pruden-

793 5783 803 5808 ¹
861 5780 1026 5837 λιιι-ιε.
1081 5800 1151 5847 vi,
1216 5784 1402 5840 ‘31-‘23.
1488 5799 1500 5837 ι
1552 5787 1591 5842 li
1645 5785 1777 5860 Reg.
1834 5805 1930 5855 xu,
1978 5791 2022 5845 i.

2107 5791 2131 5830 Ιι
2179 5789 2193 5843 I
2238 5790 2369 5864 Heg.
2405 5807 2494 5857 xv,
2545 5791 2638 5844 ει.

2420 4601 2514 4653 τοῦ
2540 4601 2849 4671 κρείττονος
2877 4602 3255 4672 περιέσεσθαι,
3285 4605 3423 4674 πρὸς
3456 4608 3770 4660 τούναντίον
3795 4613 4030 4677 ἐξώκει-

2420 4693 2543 4756 λαςτ
2570 4691 2727 4762 κακῷ
2756 4693 2816 4746 τὸ
2850 4695 3023 4746 κακὸν
3053 4698 3568 4767 προσκτησάμενος,
3606 4700 3706 4768 οὐχ
3738 4702 3818 4766 ὡς
3861 4706 4029 4774 ἐχρῆν

2420 4786 2823 4854 παρωσάμενος
2844 4800 2857 4814 ·
2893 4785 2989 4838 καὶ
3021 4788 3069 4838 εί
3104 4786 3205 4856 μὲν
3219 4787 3358 4856 πρὸς
3381 4789 3507 4850 τοὺς
3529 4789 3790 4860 ἐλέγχους
3825 4794 4030 4860 δυσφο-

2423 4877 2532 4947 ρῶν
2585 4877 2665 4939 εἰς
2717 4874 2878 4928 τοῦτο
2929 4875 3138 4943 τάξεως
3185 4878 3429 4948 ἧλασαςο
3494 4882 3828 4935 ἀπαιδευσία
3869 4885 4029 4939 τοῦτο

2417 4968 2616 5036 σαφής.
2654 4966 2900 5036 Ἀγαπᾷν
2926 4968 3057 5038 γὰρ,
3075 4968 3138 5020 ού
3159 4969 3327 5040 (poqu
3351 4969 3479 5034 ἔδει,
3512 4970 3589 5033 ὡς
3609 4971 3686 5039 τῷ
3710 4972 4026 5042 Σολομῶντι

2414 5059 2583 5124 δοκεῖ,
2637 5059 2970 5128 ἐλέγχοντα·
3018 5059 3095 5122 ὡς
3150 5058 3216 5113 ἂν
3266 5061 3342 5131 μὴ
3400 5062 3497 5115 καὶ
3540 5063 3705 5126 αὐτὸς
3742 5065 4024 5138 ἀκούσῃ.

2423 5171 2443 5204 ι
2495 5151 2799 5221 Ἐμίσησαν
2831 5153 2890 5204 ἐν
2921 5151 3121 5214 πύλαις
3171 5153 3488 5222 ἐλέγχοντα,
3535 5157 3629 5208 καὶ
3680 5156 3847 5223 λόγον
3879 5161 4024 5212 ὅσιον

2419 5244 2797 5309 ἐϐδελύξαντο.
2841 5261 2858 5294 ι
2892 5244 2951 5295 Ei
2983 5244 3039 5297 δέ
3069 5243 3165 5296 τοῦ
3214 5245 3465 5315 εὐορκεῖν
3504 5250 3928 5318 περιεχόμενος,
3965 5255 4023 5305 τδ

2425 5339 2728 5407 μιαιφονεῖν
2765 5335 3172 5407 προετίμησας,
3228 5336 3303 5400 ὠς
3331 5339 3431 5408 τῆς
3468 5341 3758 5409 ἐπιορκίας
3793 5343 4022 5409 φεύγων

2419 5431 2480 5482 τὸ
2513 5429 2789 5500 βάραθρον
2812 5445 2826 5461 ·
2867 5429 2984 5483 ἀλλ’
3026 5431 3135 5484 ἔδει
3178 5430 3437 5501 βασιλείῳ
3467 5435 3801 5503 φρονήματι,
3831 5436 4021 5510 δικαίᾳ

2419 5522 2513 5574 τοῦ
2537 5521 2630 5575 νοῦ
2665 5521 2882 5593 στάθμῃ
2913 5523 3404 5576 ἀντιταλαντεῦσαι
3447 5525 3546 5595 τὴν
3579 5523 3898 5596 σύγκρισιν,
3930 5535 4019 5583 καὶ

2421 5614 2519 5683 τῆς
2540 5615 2750 5684 ἀμείνω
2781 5613 3038 5682 γενέσθαι
3070 5615 3268 5686 μοίρας
3294 5631 3308 5647 ·
3349 5616 3488 5687 ὅπερ
3512 5615 3596 5669 σοὶ
3629 5615 3764 5687 πρὸς
3789 5619 4019 5674 τού-δαν-

2723 5789 2930 5848 ‘Prov.
2971 5809 3047 5860 Ix,
3106 5790 3158 5847 8.
3240 5799 3275 5823 "
3307 5791 3414 5849 lsa.
3457 5808 3608 5862 ms,
3667 5795 3757 5851 2!.
