4176 6448
125 416 257 490 1111

1140 417 1224 482 ΙΝ
1266 421 1326 481 S.
1363 417 1686 482 JOANNIS
1715 416 2375 479 DECOLLATIONEM.

3218 417 3355 482 1122

118 533 232 586 τίον
262 531 326 586 ἐκ
344 529 656 603 παραλόγου
674 528 1167 600 πεπραγμάτευται
1190 531 1434 602 γνώμης.
1467 530 1563 592 Τίς
1573 532 1681 600 γάρ

1802 532 1882 592 ia,
1938 528 2168 602 alterius
2216 541 2342 584 cum
2373 526 2546 583 altero
2603 529 3078 598 comparationem
3120 529 3355 608 iustitiae

94 623 148 676 ’ά
173 620 270 676 silv
293 621 467 692 ἀρχὴν
505 622 703 693 ὀμόσαι
766 624 1266 690 προσαναγκάσαςς
1314 623 1380 676 Τί
1418 622 1476 677 δέ
1506 622 1683 676 κοινὸν

119 710 376 780 μαινάδος
405 710 629 780 ὀρχήσει
657 710 866 777 παιδος,
899 711 995 766 καὶ
1024 713 1306 783 προφήτου
1340 715 1518 782 σφαγῇ
1542 729 1558 778 ;
1590 712 1684 776 Τίς

110 800 174 854 δέ
201 801 460 870 ματουσία
488 799 662 870 θυμοῦ
693 803 812 870 μετ’
839 802 1179 872 εὐφροσύνης
1209 817 1225 870 ς
1260 802 1321 856 El
1357 803 1415 856 δέ
1438 801 1527 856 διά
1559 802 1686 865 τοὺς

118 896 334 962 ὅρκους.
391 893 467 956 ὡς
525 893 689 957 αὐτὸς
730 894 863 948 οῐειο
889 895 1005 948 ἀλλ’
1045 895 1153 948 ούδ*
1183 895 1355 957 οὕτως
1387 894 1554 963 ἐχρῆν
1587 894 1685 964 τὴν

115 984 298 1056 ψῆφον
327 985 617 1067 ἐπιτρέψαι
640 987 706 1056 τῇ
741 985 898 1057 μέθῃ.
953 985 1268 1054 Εὑφρασίας
1308 985 1438 1054 γάρ,
1469 987 1568 1037 ούκ
1594 985 1687 1037 άν-

116 1073 432 1144 δροκτονίας
462 1069 531 1144 ἦν
557 1076 586 1127 ὁ
616 1074 825 1144 καιρός.
860 1074 969 1127 Καὶ
991 1075 1049 1127 τό
1080 1091 1144 1142 γε
1167 1076 1401 1146 πρᾶγμα
1431 1074 1687 1136 ἐπιεικῶς

116 1164 340 1226 ἄτοπον,
369 1164 463 1217 καὶ
493 1165 832 1234 παράφορον.
893 1165 1176 1232 Νήφοντος
1228 1164 1340 1234 γὰρ
1375 1164 1544 1217 ἐδεῖτο
1571 1181 1690 1218 και-

117 1254 238 1323 ροῦ,
268 1254 358 1305 καὶ
378 1252 639 1319 λογισμοῦ
673 1251 983 1322 βεϐηκότος.
1031 1253 1104 1303 Ού
1134 1252 1243 1321 γάρ
1300 1252 1427 1321 περὶ
1459 1249 1552 1302 τοῦ
1596 1266 1690 1302 τυ·-

115 1345 305 1412 κόντος
325 1345 358 1411 ἡ
392 1341 584 1412 βλάϐη.
613 1343 782 1408 Πλὴν,
813 1342 929 1394 ἀλλ’
959 1341 1012 1394 ef
1035 1359 1089 1394 τι
1134 1343 1230 1394 καὶ
1261 1341 1542 1411 κέκρυπτο
1565 1341 1689 1394 λαν-

116 1430 281 1484 θάνον
301 1431 436 1492 τέως
466 1429 575 1481 τῶν
599 1430 658 1482 ἐν
684 1428 768 1480 σοὶ
804 1427 1008 1489 κακῶν,
1041 1427 1197 1478 τοῦτο
1220 1427 1284 1479 σὺ
1317 1427 1458 1478 κατά
1491 1425 1686 1478 σαυτοῦ

117 1522 536 1593 πεφανέρωκας,
558 1520 860 1591 μιαιφονίᾳ.
883 1519 982 1587 τῆς
1006 1517 1350 1588 παρανομίας
1366 1519 1690 1587 ἀπογυμνώ-

117 1630 223 1677 σας
247 1615 338 1667 τὸν
361 1615 604 1680 ἔλεγχον.
635 1612 732 1674 Τίς
752 1612 862 1681 γάρ
889 1611 1133 1680 ἀνάγκη,
1167 1611 1262 1662 τὸν
1302 1612 1362 1662 ἐν
1401 1610 1480 1680 τῷ
1510 1627 1690 1678 παρα-

115 1704 304 1774 ϐύστῳ
339 1703 616 1773 μοιχεύειν
671 1702 1029 1770 ἀπείργοντα,
1058 1702 1151 1752 ἐπὶ
1201 1698 1471 1770 θριάμϐου
1502 1701 1690 1769 φέρειν

116 1795 446 1863 ἐλέγχοντας
475 1795 546 1847 Σὺ
573 1794 631 1848 δέ
663 1791 966 1862 φιληδονῶν
993 1792 1216 1863 ἐλέγχῃ.
1257 1792 1583 1861 μιαιφονῶν.

1787 619 1992 672 trutina
2051 619 2412 688 expenderes,
2477 631 2541 672 ac
2575 631 2606 672 a
2656 621 2867 674 meliori
2917 629 3074 690 parte
3128 630 3306 677 stares
3336 643 3360 698 ι.

1785 707 1930 776 quod
1985 721 2144 764 secus
2190 708 2418 762 omnino
2452 723 2516 763 ex
2542 709 2719 763 aliena
2755 724 2784 763 a
2817 711 3029 765 ratione
3068 714 3356 776 voluntate

1789 800 2017 854 molitus
2052 816 2132 856 es.
2169 799 2305 864 Quis
2360 802 2507 854 enim
2548 809 2600 855 te
2626 801 2695 854 ab
2727 802 2883 857 initio
2916 804 3088 872 coegit
3117 803 3356 872 jurare?

1786 888 1929 954 Quid
1984 889 2255 944 Mainadis
2324 891 2518 958 puellm
2569 890 2789 945 saltatio
2843 905 3140 946 commune
3189 893 3354 946 habet

1788 993 1914 1031 cum
1962 993 2095 1033 nece
2140 979 2466 1050 prophetae?
2501 980 2758 1046 Quaenam
2808 981 2905 1035 ira:
2951 983 3189 1036 societas
3229 998 3354 1036 cum

1788 1069 2015 1122 laetitia?
2071 1067 2166 1122 Sin
2224 1085 2357 1123 vero
2422 1078 2646 1138 propter
2705 1070 3121 1138 jusjurandum,
3161 1082 3218 1126 ut
3242 1073 3359 1142 ipsc

1789 1162 2086 1230 opinaris:
2129 1175 2192 1213 ac
2251 1176 2319 1214 ne
2359 1163 2441 1214 sic
2495 1161 2716 1229 quidem
2768 1162 3057 1216 sententiae
3113 1164 3360 1218 calculus

1789 1248 2058 1303 ebrietate
2112 1250 2511 1317 permittendus
2544 1259 2683 1303 erat.
2731 1250 2945 1319 Quippe
2995 1259 3113 1305 erat
3159 1253 3361 1306 laetitia:

1789 1346 2031 1407 tempus,
2064 1355 2174 1392 non
2198 1338 2385 1393 ciedis.
2417 1342 2491 1393 Ac
2517 1341 2674 1409 plane
2698 1356 2786 1394 res
2807 1342 3104 1408 ejusmodi.
3123 1343 3360 1398 absurda

1795 1444 1858 1482 ac
1910 1430 2210 1497 prmeipitis
2270 1430 2492 1483 consilii
2548 1438 2687 1483 erat.
2751 1429 2883 1483 Erat
2915 1432 3186 1499 siquidem
3218 1447 3360 1500 opus

1796 1529 2040 1587 tempore
2069 1520 2278 1581 sobrio,
2309 1535 2374 1572 ac
2396 1520 2586 1572 sedata
2630 1523 2864 1574 ratione.
2903 1519 3022 1574 Non
3056 1525 3201 1576 enim
3229 1523 3363 1578 levis

1788 1610 2004 1678 jactura
2063 1609 2244 1662 futura
2278 1619 2419 1664 erat.
2455 1609 2561 1664 Sed
2602 1612 2908 1676 enimvero,
2956 1620 3014 1666 ut
3043 1614 3172 1682 quid
3196 1616 3362 1668 etiam

1793 1717 1824 1756 e
1853 1703 1963 1756 tuis
2001 1704 2129 1755 mali
2165 1705 2430 1757 hactenus
2456 1704 2733 1756 occultum
2777 1704 2993 1767 lateret,
3031 1707 3084 1757 id
3120 1706 3237 1773 ipse
3267 1707 3364 1758 ad-

1796 1809 2011 1848 versum
2057 1806 2109 1848 te
2159 1794 2511 1848 manifestum
2562 1794 2870 1857 reddidisti,
2919 1796 3066 1849 caede
3110 1796 3367 1864 aperiens

117 1887 409 1956 ﬂagitium,
457 1885 617 1954 cujus
672 1885 1014 1952 arguebaris.
1069 1883 1212 1950 Quid
1249 1883 1394 1937 enim
1449 1898 1674 1938 necesse
1713 1893 1835 1938 erat
1866 1893 1926 1938 ut
1955 1900 2079 1939 eum
2106 1926 2120 1949 ,
2150 1887 2243 1954 qui
2281 1886 2334 1939 in
2401 1887 2622 1939 occulto
2667 1888 2931 1942 inmchari
3001 1881 3362 1958 prohibebat,

120 1978 608 2048 reprehendentem
645 1977 926 2046 triumpho
956 1977 1306 2033 traduceres?
1361 1977 1441 2031 Tu
1501 1978 1684 2047 igitur,
1723 1980 1854 2034 dum
1884 1980 2086 2034 eaedem
2128 1988 2332 2044 patras,
2368 1983 2616 2050 argueris
2641 1982 2905 2036 libidinis.

189 2069 458 2138 Συνέχεας
509 2069 610 2138 τὴν
661 2067 818 2132 τάξιν
869 2069 969 2136 τῆς
1018 2069 1344 2133 ἑστιάσεως,
1415 2069 1694 2140 ἄνθρωπε.

1869 2069 2129 2125 Ordinem
2167 2073 2401 2125 convivii
2432 2073 2751 2136 confudiSti,
2777 2089 2810 2127 o
2839 2075 3024 2128 homo.
3067 2075 3199 2130 Nam
3234 2094 3361 2133 cum

127 2160 351 2231 Ἓστιᾷν
404 2160 794 2231 προελόμενος,
820 2154 991 2231 ’άνιᾷν
1037 2162 1162 2223 τοὺς
1193 2162 1521 2232 δαιτυμόνας
1563 2180 1698 2232 προ-

117 2253 369 2322 έκρινας.
403 2251 468 2304 Τί
494 2254 693 2316 ποιεῖς,
730 2250 918 2313 sane;
967 2252 1109 2304 ’Δντ’
1144 2253 1460 2324 ἐδέσματος,
1495 2254 1698 2325 ταύτην

117 2340 472 2413 προσεδωδὴν
497 2343 761 2409 εἰσάγεις,
781 2342 880 2410 τὴν
900 2341 1140 2412 κεφαλὴν
1170 2343 1260 2394 τοῦ
1289 2342 1653 2406 Βαπτίζοντος
1679 2361 1694 2410 ;

132 2433 282 2488 ’Δντὶ
311 2433 613 2505 κρατῆρος,
654 2432 898 2485 τοιοῦτον
941 2435 1202 2502 οίνοχοεῖς
1239 2437 1353 2496 τοῖς
1393 2435 1698 2504 συμπόταις

119 2529 212 2581 τὸν
234 2527 507 2598 άκρατονς
546 2521 804 2580 Τοιοῦτον
850 2527 1070 2598 κίρνησι
1107 2528 1362 2598 βασιλεὺς
1401 2531 1551 2599 πόμα
1586 2533 1697 2592 τοῖς

121 2620 456 2690 συμϐούλοις
481 2636 496 2684 ;
531 2620 600 2672 Ἦ
625 2621 724 2690 ούχ
757 2622 890 2690 ὁρᾷς
921 2621 1048 2673 ὅσον
1065 2621 1237 2672 κακόν
1261 2624 1409 2674 ἐστιν
1437 2623 1694 2693 ἀκρασία,

119 2716 221 2768 καὶ
243 2713 523 2784 φιλήδονος
544 2712 776 2784 πράξιςς
813 2713 1138 2782 ’Δνάνηψον,
1167 2715 1215 2765 εἰ
1245 2713 1454 2783 βούλει,
1481 2715 1696 2785 μικρὸν,

121 2805 216 2857 καὶ
235 2803 432 2866 σύνες’
500 2805 576 2864 ὡς
634 2803 791 2855 οὐδὲν
839 2801 1013 2864 οὕτως
1058 2803 1396 2855 ἐπιλωϐάται
1428 2804 1519 2856 τὸν
1549 2804 1700 2866 ἐντὸς

122 2895 441 2969 ἄνθρωπον,
467 2895 508 2969 ἢ
530 2895 622 2948 τὸν
647 2894 808 2958 ἐκτὸς
846 2894 1218 2959 ἐπιϐόσκεται,
1269 2893 1346 2958 ὡς
1374 2894 1544 2964 θυμὸς
1571 2893 1702 2947 ταύ-

118 2963 250 3048 ταις
275 2963 796 3056 ἐξυπηρετούμενος.
823 2985 893 3038 Σὺ
939 2985 1018 3048 δὲ,
1050 2985 1258 3047 τούτοις
1288 2987 1351 3037 ἐκ
1386 2963 1699 3054 περιουσίας

121 3075 428 3140 ὑποζεύξας
486 3075 578 3126 τὸν
609 3074 755 3136 νοῦν,
816 3073 877 3126 τὸ
912 3075 1010 3142 τῆς
1043 3073 1221 3142 ψυχῆς
1281 3072 1699 3136 κατεδούλωσας

121 3167 402 3238 φρόνημα.
445 3166 640 3219 Καίτοι
675 3164 770 3217 δύο
802 3164 1144 3232 γενικώτατα
1175 3165 1325 3234 πάθη
1349 3165 1456 3216 τῶν
1484 3168 1540 3217 ἐν
1569 3168 1700 3235 ἡμῖν

121 3260 384 3312 ἁπάντων
442 3257 657 3322 παθῶν,
690 3257 739 3308 oi
774 3257 903 3326 περὶ
924 3256 1096 3308 ταῦτα
1129 3256 1305 3324 σοφοὶ,
1333 3256 1695 3326 διορίζονται·

118 3351 318 3422 θυμὸν,
352 3351 453 3411 καὶ
483 3348 780 3419 ἐπιθυμίαν
800 3365 815 3380 ·
839 3342 914 3402 ὧν
935 3348 1195 3418 ἑκάτερον
1217 3349 1275 3400 ἐν
1294 3349 1377 3401 σοὶ
1402 3348 1699 3418 ἐπικρατῆ-

1800 2163 2092 2217 statuisses
2146 2163 2400 2215 convivio
2462 2165 2744 2231 excipere,
2821 2167 3063 2219 maluisti
3122 2170 3370 2224 convivis

1800 2254 2104 2307 molestiam
2143 2252 2341 2307 facere.
2365 2252 2504 2318 Quid
2537 2253 2694 2318 facis,
2714 2269 2747 2307 ο
2781 2258 2993 2310 miser?
3021 2258 3124 2312 Pro
3149 2261 3394 2322 cibone,’

1797 2353 1962 2414 caput
1993 2345 2250 2413 Baptista:
2269 2347 2336 2399 ad
2372 2361 2528 2400 esum
2567 2346 2824 2401 inducis?
2855 2345 2961 2402 Pro
2990 2359 3227 2414 cratere,
3264 2354 3370 2406 tale

1799 2453 2010 2492 merum
2063 2436 2300 2492 alfundis
2347 2439 2636 2492 convivis?
2666 2439 2851 2492 Talem
2903 2457 2994 2495 rex
3029 2453 3213 2512 potum
3251 2448 3371 2500 suis

1798 2537 2069 2599 temperat
2116 2530 2499 2584 consiliariis?
2527 2531 2606 2583 An
2641 2548 2748 2586 non
2785 2534 2938 2587 vides
2967 2545 3231 2603 quantum
3258 2554 3370 2590 ina-

1801 2623 1909 2675 lum
1967 2624 2037 2676 sit
2077 2624 2522 2692 intemperantia,
2569 2633 2622 2676 et
2651 2628 2794 2678 actio
2842 2627 3176 2682 libidinosa?
3207 2628 3284 2681 Ad
3316 2639 3371 2681 te

1801 2729 1991 2782 parum
2036 2714 2175 2775 redi,
2213 2715 2259 2768 si
2303 2715 2406 2779 vis,
2437 2725 2487 2768 et
2553 2715 2813 2785 intellige,
2848 2724 2908 2769 ut
2935 2719 3089 2771 ‘nihil
3125 2720 3195 2772 sit
3222 2721 3370 2789 quod

1801 2806 2078 2858 internum
2131 2804 2266 2857 adeo
2299 2806 2460 2858 laedat
2506 2807 2814 2871 hominum,
2867 2824 2932 2862 ac
2971 2811 3052 2862 sic
3079 2820 3369 2865 externum

1799 2893 2078 2961 depaseat,
2122 2894 2198 2945 uti
2234 2894 2301 2944 iis
2334 2895 2641 2960 obsequens
2701 2897 2780 2948 ira
2804 2891 3041 2962 (21).Tu
3072 2909 3252 2953 autem
3304 2918 3371 2956 ex

1801 2984 2096 3038 abundanti
2152 2993 2387 3037 mentem
2417 2985 2525 3038 illis
2573 2986 2901 3056 subjugans,
2952 2990 3118 3043 animi
3150 3007 3369 3045 sensum

1801 3075 2074 3144 captivum
2102 3073 2353 3128 effecisti.
2395 3077 2564 3145 Atqui
2591 3079 2834 3131 omnium
2861 3095 3052 3133 earnm
3085 3098 3206 3149 quae
3244 3093 3372 3136 sunt

1803 3171 1856 3224 in
1894 3170 2073 3232 nobis,
2115 3167 2486 3231 adfectionum,
2527 3173 2624 3223 tias
2657 3170 2796 3224 duas
2828 3174 3063 3225 maxime
3089 3177 3374 3240 generales

1801 3257 2070 3329 definiunt
2119 3259 2356 3312 morales
2402 3260 2736 3330 philosophi,
2769 3262 2908 3314 iram
2943 3264 3160 3318 scilicet
3183 3276 3237 3319 et
3276 3281 3374 3320 cu-

1803 3349 2104 3416 piditatem,
2139 3365 2371 3419 quarum
2401 3362 2634 3421 utraque
2676 3354 2730 3405 in
2767 3361 2820 3406 te
2843 3354 3185 3410 dominatum
3230 3361 3376 3413 obti-

123 3459 248 3503 σαν,
275 3439 606 3510 τυραννικῷ,
660 3440 759 3492 οὐκ
803 3438 1062 3508 ίδιωτικῷ
1089 3439 1175 3508 τῷ·
1206 3441 1487 3511 ὁρμήματι
1510 3440 1693 3492 δυστυ-

1805 3460 1965 3508 nens,
2015 3448 2326 3514 tyrannico,
2377 3460 2489 3499 non
2534 3447 2751 3514 privato
2810 3448 3039 3516 impetu,
3075 3449 3374 3505 infeliciter

122 3533 232 3600 χῶς
261 3531 652 3584 ἐϐασίλευσεν·
690 3531 724 3601 ἡ
780 3531 900 3600 μὲν,
951 3531 1048 3583 καὶ
1105 3531 1238 3584 άνευ
1294 3533 1702 3600 μηχανημάτων

124 3627 276 3698 νόμῳ
304 3623 627 3694 πολιορκίας
655 3622 853 3675 ἐλοῦσα
882 3621 993 3676 τῶν
1038 3623 1150 3676 σῶν
1184 3625 1396 3695 φρενῶν
1419 3623 1516 3694 τὴν
1540 3626 1704 3692 άκρό-

125 3717 306 3779 πολιν,
337 3715 433 3768 καὶ
463 3715 632 3766 οίονεὶ
673 3714 958 3785 πολιοῦχος
1002 3715 1102 3785 τῆς
1147 3716 1245 3786 σῆς
1287 3717 1701 3786 άπρυτανεύτου

123 3806 306 3878 ψυχῆς
338 3822 354 3837 ο
379 3805 506 3869 ὁδὶ,
536 3805 700 3876 μέχρι
728 3805 887 3858 τοῦδέ
917 3821 978 3858 σε
1027 3804 1460 3875 δουλωσάμενος,
1496 3807 1600 3868 ἐως
1638 3806 1704 3857 ἂν

77 3901 86 3906 ’
124 3900 206 3962 εις
239 3896 370 3968 ᾅδου
400 3897 696 3966 πάταυρον,
739 3895 836 3948 καὶ
863 3897 943 3958 sic
965 3895 1066 3963 τὴν
1118 3896 1356 3966 ἐσχάτην
1379 3895 1490 3948 τῶν
1515 3895 1703 3948 κακῶν

125 3989 495 4058 άπηκὸντισεν
553 3985 855 4054 Χάρυϐδιν.
898 3985 968 4038 Ἢ
1020 3987 1142 4056 οὐχὶ⁵
1182 3985 1319 4056 αὕτη
1368 3987 1401 4055 η
1446 3987 1572 4048 ὁδὸς
1597 3987 1704 4040 τῶν

126 4077 490 4133 ἐκτελούντων
518 4077 588 4130 τά
615 4077 828 4146 άνομας
863 4077 934 4128 Ἦ
974 4076 1190 4146 ἑτέρως
1222 4079 1326 4130 οίει
1374 4077 1501 4139 τοὺς
1532 4075 1705 4138 οὕτως

129 4172 357 4234 ἁλόντας
382 4169 487 4224 ὑπὸ
507 4169 611 4238 τῆς
644 4168 827 4238 δίκης.
852 4169 1364 4240 κολασθησομένους
1386 4168 1701 4234 uacuam;

128 4264 238 4335 τῆς
294 4262 352 4316 8‘s
409 4261 518 4316 τῶν
564 4260 911 4330 Εύαγγελίων
979 4261 1167 4330 φωνῆς
1241 4255 1398 4326 αὖθις
1456 4261 1705 4315 άκουσώ·

134 4376 528 4502 μῗῗσνεσίων
586 4447 717 4517 γάρ,
770 4446 956 4514 φησὶν,
982 4443 1265 4515 ἀγομένων
1293 4443 1389 4498 τοῦ
1441 4443 1705 4513 Ἡρώδου,

131 4541 424 4610 ὠρχήσατο
481 4541 516 4610 ὴ
566 4539 814 4609 θυγάτηρ
841 4540 950 4606 τῆς·
974 4538 1300 4608 Ἡρωδιάδος
1333 4539 1392 4588 ἐν
1419 4537 1497 4606 τῷ
1535 4537 1704 4606 μέσῳ,

134 4636 226 4686 καὶ
266 4635 461 4704 ἢρεσεν
495 4631 574 4701 τῷ
615 4631 852 4702 Ἡρώδῃ.
891 4650 909 4681 s
952 4631 1125 4683 Βαϐαὶ
1171 4631 1274 4699 τῆς
1322 4631 1541 4692 άνοίαςί
1579 4631 1708 4699 Ὀρ-

78 4711 92 4719 ’
135 4741 298 4795 χησις
348 4724 612 4790 νεάνιδος,
656 4722 754 4794 τὴν
795 4721 1063 4792 βασιλέως
1111 4721 1382 4791 ἐθήρασεν
1420 4721 1704 4790 φρόνησιν.

1806 3537 2072 3605 regnavit.
2097 3535 2380 3603 Cupiditas
2427 3535 2669 3603 quidem,
2713 3552 2782 3590 ne
2815 3538 2936 3591 ullis
2966 3539 3191 3606 quidem
3222 3540 3378 3593 adhi-

1803 3627 1961 3681 bitis.
1989 3627 2282 3690 machinis,
2317 3628 2517 3680 mentis
2568 3636 2676 3681 tua
2708 3641 2893 3682 arcem
2927 3630 3236 3685 obsidionis
3263 3633 3380 3701 lege

1804 3720 2046 3787 capiens,
2083 3732 2147 3772 ac
2198 3733 2299 3771 ceu
2333 3731 2540 3786 praeses
2585 3719 2755 3773 nescii
2789 3720 2902 3787 regi
2929 3722 3099 3774 animi
3144 3722 3248 3783 tui,
3281 3737 3380 3777 ex-

1806 3811 2010 3865 sistens
2039 3828 2052 3862 :
2081 3809 2161 3862 ira
2201 3819 2383 3863 autem
2435 3809 2625 3863 tandiu
2659 3810 2967 3879 captivans,
2994 3812 3169 3866 donec
3202 3813 3254 3866 in
3289 3815 3376 3867 in-

1808 3900 1944 3955 ferni
1979 3902 2255 3971 laqueum,
2285 3915 2352 3955 ac
2373 3917 2686 3972 supremam
2713 3904 2984 3956 malorum
3015 3904 3378 3975 charybdim.

1805 3991 1955 4046 dedit
1979 3993 2333 4062 praecipitem.
2375 3993 2458 4046 An
2491 4007 2602 4046 non
2634 3984 2750 4048 haec
2781 3993 2864 4046 via
2904 3995 3121 4047 illorum
3152 4004 3238 4050 est
3285 3995 3380 4066 qni

1808 4085 2044 4141 scelesta
2101 4085 2358 4154 patranti
2402 4082 2543 4138 Num
2607 4086 2788 4150 aliter,
2840 4086 3047 4140 divina:
3111 4089 3385 4142 obnoxios

1809 4177 2028 4239 ultioni,
2081 4178 2148 4231 ad
2211 4191 2428 4248 pinnam
2482 4176 2884 4233 examinandos
2929 4178 3123 4249 putas?
3169 4177 3383 4236 Rursus

1809 4284 1940 4324 vero
1962 4268 2332 4338 evangelicam
2361 4282 2550 4323 vocem
2585 4267 2900 4325 audiamus.

1885 4466 1904 4499 ι
1939 4446 2074 4503 Cum
2099 4444 2374 4509 Herodis,
2395 4446 2594 4516 inquit,
2625 4445 2876 4500 natalitia
2907 4454 3229 4516 agerentur,
3267 4450 3384 4504 sal-

1811 4539 1944 4592 tavit
1973 4536 2302 4591 llerodiadis
2336 4537 2444 4590 (ilia
2477 4537 2532 4590 in
2562 4537 2762 4600 medio,
2789 4547 2845 4590 et
2875 4537 3079 4607 placuit
3109 4537 3332 4593 Herodi.
3361 4558 3379 4590 ι

1811 4630 2148 4684 Amentiam!
2193 4627 2425 4682 Sallatio
2465 4627 2912 4702 adulescentulas,
2955 4630 3098 4697 regis
3147 4629 3387 4696 pruden-

1813 4724 1942 4784 tiam
1981 4721 2147 4789 cepit.
2182 4720 2365 4775 Fracti
2405 4735 2666 4773 manuum
2699 4728 2913 4784 motus,
2946 4721 3254 4790 pedumque
3285 4722 3388 4775 im-

134 4817 349 4889 Χειρῶν
378 4816 728 4882 ἀνακλάσεις,
768 4819 860 4870 καὶ
887 4816 1062 4868 ποδῶν
1091 4815 1366 4885 λυγισμοὶ,
1405 4817 1500 4868 καὶ
1531 4814 1698 4881 μελῶν

1817 4813 2001 4884 pudici
2049 4811 2243 4875 ﬂexus,
2270 4826 2335 4864 ac
2369 4811 2612 4864 membra
2662 4811 2729 4864 ad
2760 4811 3029 4864 luxuriam
3077 4813 3280 4875 soluta,
3306 4813 3392 4864 lir-

110 4906 405 4972 ’ἐκλύσεις,
473 4908 534 4961 τὸ
571 4907 802 4978 στερρὸν
839 4905 936 4960 τοῦ
981 4905 1246 4974 βασιλέως
1286 4905 1546 4970 ἐξέλυσαν
1576 4905 1709 4972 φρό-

140 5017 306 5070 νημα.
341 5003 456 5054 οὐκ
487 5002 728 5072 ἡκούσας
759 5000 848 5052 τὸν
903 4999 1173 5052 ⁴διλίππου
1214 4997 1585 5066 Ἀλέξανδρον,
1618 4998 1710 5049 ἐπὶ

140 5095 255 5155 ταῖς
285 5093 512 5160 Δαρείου
541 5093 876 5162 θυγατράσιν
897 5089 1376 5161 προσενεχθείσαις
1404 5088 1551 5157 αύτῴ
1575 5089 1709 5157 πρὸς

1817 4921 1963 4958 mum
2000 4919 2062 4955 ac
2114 4903 2347 4958 solidum
2381 4902 2527 4970 regis
2582 4917 2803 4955 sensum
2864 4914 3216 4955 cncrvarunt.
3268 4902 3386 4957 Non

1817 4993 2072 5047 audivisti
2136 4991 2504 5045 Alexandrum
2558 4989 2792 5059 Philippi
2860 4991 3029 5044 filium
3092 4993 3293 5046 oblatis
3321 4994 3387 5042 ad

1821 5086 2176 5140 concubitum
2217 5082 2357 5137 Darii
2397 5083 2611 5138 filiabus
2655 5084 2804 5153 (‘22),
2839 5085 3006 5154 regali
3043 5084 3210 5138 animi
3249 5099 3389 5155 pric-

1455 5262 1842 5320 CUMBEFISH
1877 5260 2102 5318 NOTAE.

211 5407 324 5473 (Si)
375 5403 463 5458 Uti
514 5405 600 5458 ira
651 5403 718 5456 iis
775 5403 1079 5471 obsequens.
1124 5401 1210 5466 Ὠς
1254 5401 1428 5473 θυμὸς
1485 5403 1713 5463 ταύταις

142 5472 647 5547 ἐξυπηρετούμμινος
678 5489 706 5547 °_
742 5475 1001 5547 nimirum
1045 5472 1402 5547 τῇᾐάκρασίᾳ
1448 5475 1541 5525 καὶ
1592 5473 1711 5547 φιλ-

124 5541 568 5617 .ηΜνῴἰράξει.
605 5544 743 5597 Male
779 5544 1052 5617 interpres
1087 5541 1393 5617 Lipomani,
1426 5557 1526 5610 pro
1556 5544 1710 5617 obse-

145 5613 314 5685 μηδ
344 5613 410 5670 ac
441 5617 785 5678 ministrans,
809 5615 1066 5685 reddidit,
1097 5613 1419 5674 dominans;
1447 5613 1594 5681 quod
1624 5620 1710 5667 est

116 5683 381 5748 ⁸ιὶιὶιιιιιιιιι
421 5701 546 5740 enm
586 5699 616 5738 a
654 5683 1020 5753 philosophia,
1051 5693 1166 5737 tum
1207 5699 1236 5737 a
1277 5691 1422 5753 textu
1459 5686 1707 5738 Andreae.

148 5753 302 5813 Deest
357 5757 525 5810 etiam
573 5751 717 5825 apud
753 5751 887 5812 cuin
929 5755 1011 5817 τὸ,
1056 5757 1149 5825 τὸν
1191 5751 1340 5818 ἐντὸς
1376 5753 1706 5825 ’ἄνθρωπον

147 5828 307 5898 tingit
323 5827 548 5884 omnino
576 5823 977 5881 restituendum
1008 5841 1074 5880 cx
1114 5823 1248 5896 Reg.

1889 5400 2000 5468 (22)
2047 5398 2256 5454 Oblatis
2288 5398 2359 5451 ad
2410 5399 2744 5452 concubitum
2795 5397 2951 5452 Darii
2995 5396 3231 5468 ﬁliabus.
3271 5397 3390 5448 'fnl

1816 5473 1935 5541 ταῖς
1967 5467 2536 5541 Δαρείου-Θυγατράσι
2571 5469 3073 5541 προσενεχθείσαις.
3120 5467 3394 5541 Inter-pres

1818 5537 2101 5608 Lipomaiti
2137 5559 2150 5594 :
2183 5537 2787 5609 Septem’Darii'ﬁlias,
2813 5537 2925 5593 etc.
2965 5537 3154 5591 Putem
3199 5539 3394 5609 legisse

1816 5611 1977 5670 ἐπτα.
2011 5611 2131 5663 άντὶ
2165 5610 2283 5673 τοῦ,
2310 5611 2431 5662 ἐπί⁸
2464 5613 2607 5676 quod
2635 5613 2774 5664 satis
2803 5625 3047 5662 crassum
3081 5623 3144 5661 ac
3182 5609 3396 5662 ridicu-

1819 5684 1928 5734 lum
1963 5691 2066 5733 est.
2095 5680 2238 5735 Duas
2261 5695 2363 5750 ego
2395 5681 2475 5734 sic
2502 5682 2719 5734 oblatas
2747 5681 2886 5750 lego,
2922 5691 3102 5746 castas
3126 5679 3395 5750 ivirginl-s,

1816 5767 1878 5806 ac
1905 5750 2079 5805 forma
2109 5749 2364 5813 decoras,
2396 5767 2631 5821 quarum
2678 5749 2986 5805 Alexander
3033 5749 3226 5817 pudor;
3259 5764 3396 5804 can-

1815 5823 2046 5877 suluerit
2075 5841 2088 5876 :
2118 5837 2223 5892 qua
2257 5825 2323 5876 de
2361 5836 2416 5875 re
2450 5825 2635 5876 multis
2672 5826 2724 5875 in
2759 5836 2824 5876 eo
2856 5821 3207 5876 Plutarchus.
