4176 6448
811 399 953 474 1123

2001 405 2061 461 S.
2104 400 2437 460 ANDREE
2475 399 2896 458 (IRETENSIS

3997 387 4114 450 112i

812 513 1039 577 stantia,
1069 511 1290 579 indigne
1328 511 1547 570 tulisse,
1581 523 1644 560 ac
1678 523 1932 575 magnum
1968 506 2125 574 quid,
2152 507 2382 574 plenum-

2499 506 2808 568 συνουσίαν,
2867 505 3168 572 βασιλικῶς
3222 505 3666 572 δυσφορήσαντα,
3714 499 3818 553 καί
3867 516 3935 550 τι
3981 500 4114 565 μέτε

809 617 916 668 que
949 601 1271 662 sobrietate,
1304 599 1448 653 istud
1480 598 1822 666 prolocutum
1851 612 2006 650 esse:
2038 615 2057 646 ι
2079 594 2263 663 Turpe
2285 605 2391 657 est,

811 700 868 743 ut
900 691 993 758 qui
1051 691 1201 744 viros
1249 688 1507 749 vicimus,
1548 701 1577 737 a
1610 685 1942 738 mulieribus
1971 684 2337 752 superentur?
2370 701 2388 734 ι

805 781 958 833 Adeo
985 796 1044 834 es
1106 779 1411 832 incautus?
1449 776 1599 830 Adeo
1630 777 2008 844 intemperans
2035 775 2058 826 ?
2091 775 2207 828 Non
2235 774 2395 828 audi-

811 870 938 923 visti
964 869 1203 923 divinam
1234 883 1444 930 vocem,
1475 883 1598 935 qua:
1644 865 1781 919 dicit
1813 884 1827 919 :
1864 884 1881 915 ι
1914 862 2108 919 Videte
2146 880 2213 919 ne
2245 880 2393 920 mors

805 959 1068 1014 ascendat
1091 975 1186 1028 per
1221 958 1488 1013 fenestras
1515 958 1578 1010 οἳ
1620 976 1638 1006 ι
1672 956 1798 1010 dico
1830 965 2014 1011 autem
2049 971 2270 1019 sensus,
2297 972 2394 1024 per

803 1065 942 1118 quos
1009 1051 1258 1103 internus
1313 1050 1475 1100 homo
1527 1050 1879 1115 illaqueatur.
1943 1046 2088 1111 Quid
2140 1052 2392 1115 volupta-

688 1133 695 1139 ’
803 1143 876 1196 tis
927 1142 1041 1209 (εὖ)
1097 1141 1262 1195 habet
1327 1141 1553 1195 saltatio
1607 1139 2006 1208 Corybantica,
2042 1146 2136 1192 aut
2180 1141 2391 1194 musica

801 1231 1168 1284 instrumenta
1199 1231 1266 1283 ad
1287 1229 1712 1283 demulcendnm
1733 1237 2075 1297 comparata,
2107 1232 2388 1294 sambuca,

803 1330 858 1375 et
887 1321 1103 1374 cithara
1131 1360 1146 1384 ,
1182 1329 1236 1374 et
1273 1320 1455 1381 nabla,
1493 1329 1546 1372 ct
1581 1320 1751 1372 tibia?
1781 1317 1896 1382 Qua
1924 1331 2107 1373 autem
2144 1336 2253 1374 non
2279 1323 2393 1390 ple-

802 1427 936 1465 num
992 1413 1212 1466 exsistit
1274 1411 1866 1479 turpitudinecorpns,
1902 1411 2047 1479 quod
2099 1412 2391 1467 libidinose

799 1503 1042 1556 motibus
1074 1502 1284 1570 agitur,
1315 1501 1480 1568 inque
1503 1517 1628 1555 eum
1673 1500 1894 1577 modum
1926 1513 2184 1556 contorta
2218 1519 2390 1557 mem-

798 1595 916 1660 bra,
954 1611 1079 1664 qua
1111 1597 1267 1664 plane
1317 1595 1681 1649 obsessorum
1726 1608 1758 1646 ε
1795 1593 2043 1648 daemone
2089 1595 2388 1649 simulacra

796 1687 1044 1756 quaedam
1085 1689 1358 1757 signaque
1391 1686 1725 1740 videantur?
1764 1684 1844 1738 Tu
1876 1696 2082 1760 autem,
2142 1687 2228 1741 his
2261 1700 2387 1740 tan-

2498 595 2593 646 καὶ
2621 595 2974 664 σωφροσύνης
3008 595 3205 664 μεστὸν
3238 593 3713 663 έπιφθεγξάμενον
3744 590 4111 660 πρόσρημαο

2502 703 2520 734 r
2559 685 2794 752 Αἰσχρὸν
2829 687 2976 753 ἡμᾶς
3002 686 3199 755 ἄνδρας
3235 686 3590 754 νικήσαντας,
3637 682 3748 733 ὑπὸ
3812 678 4100 746 γυναικῷ-

2494 773 2797 842 ήττηθῆναι
2816 775 3062 839 ;ιοὖτως
3115 776 3428 843 ἀφύλακτος
3452 769 3540 838 εἷς
3573 772 3769 834 Οὕτως
3797 772 4109 839 ἀκρατήςς

2495 861 2610 914 Οὐκ
2634 863 2874 930 ήκουοας
2894 864 2992 932 τῆς
3014 863 3165 925 θείας
3197 863 3418 932 Γραφῆς
3439 862 3705 930 λεγούσης
3741 877 3755 889 ·
3799 878 3819 909 ι
3860 859 4109 911 Βλέπετε

2499 952 2576 1023 μὴ
2605 952 2835 1016 θάνατος
2869 954 3044 1025 ἀναϐῇ
3066 955 3153 1007 διὰ
3181 956 3292 1006 τῶν
3336 955 3569 1024 θυρίδων
3595 972 3610 1020 ;
3648 971 3666 1002 ι
3706 952 3870 1018 λέγω
3900 951 3978 1018 δὴ
4011 949 4108 1000 τῶν

2496 1043 2826 1111 αἰσθήσεων,
2891 1038 2979 1106 αἷς
3016 1047 3044 1095 ό
3084 1044 3237 1106 ἐντὸς
3283 1044 3570 1113 ἄνθρωπος
3612 1040 4028 1106 παγιδεύεται.
4055 1039 4107 1088 ΤΞ

2492 1133 2601 1186 τῶν
2629 1133 2764 1203 πρὸς
2798 1134 2993 1203 ήδονὴν
3016 1133 3129 1201 ἔχει
3171 1131 3691 1203 Κορυϐαντιασμὸς,
3728 1131 3767 1200 ἢ
3818 1129 4105 1198 μουσιιὲιτι

2492 1226 2746 1294 ὀργάνων
2794 1225 3069 1296 θέλγητρα
3095 1242 3109 1257 ⁸
3166 1224 3424 1294 συμϐύκη
3467 1242 3526 1278 τε
3579 1225 3678 1278 καὶ
3719 1223 3986 1292 κιθάρα·
4024 1238 4106 1272 καί

2493 1316 2665 1368 νάϐλα
2692 1317 2789 1368 καὶ
2817 1316 2978 1380 αὐλός
3005 1335 3020 1382 ;
3045 1316 3110 1368 Τί
3136 1317 3193 1369 δὲ
3213 1317 3321 1369 τῶν
3350 1317 3594 1386 αἰσχρῶν
3628 1316 3690 1367 οὐ
3713 1315 3915 1382 νέμει,
3951 1313 4103 1380 σῶμα

2492 1403 2868 1472 λυγιζόμενον,
2906 1405 2998 1456 καὶ
3027 1405 3164 1474 μέλη
3210 1404 3646 1474 στρεϐλούμενα,
3687 1404 3722 1456 ἃ
3751 1403 3870 1454 τῶν
3907 1402 4101 1470 δαιμο-

2490 1495 2708 1548 νὼντων
2761 1498 2901 1550 εἰσὶν
2957 1496 3176 1568 ἀληθῶς
3239 1501 3551 1566 εἰκάσματα
3609 1497 3708 1549 καὶ
3746 1495 4097 1565 μηνύματας

2492 1588 2564 1641 Σὺ
2597 1590 2652 1642 δὲ
2700 1590 2914 1653 τούτοις
2948 1585 3037 1643 οἷα
3067 1590 3261 1661 νεϐρὸς
3314 1590 3591 1657 τοξευθεὶς
3629 1590 3876 1658 ἐλάφου,
3902 1590 4008 1641 καὶ
4040 1589 4100 1649 ὡς

2492 1682 2695 1750 πτηνὸν
2721 1681 2974 1745 ἱξευθεὶς,
2991 1681 3116 1735 οὕτε
3142 1683 3216 1745 ὡς
3237 1683 3720 1754 δορκὰςδιεσὼθης
3754 1686 3828 1736 ὲκ
3862 1683 4096 1754 βρόχων,

796 1795 963 1850 quam
1000 1783 1146 1834 cervi
1209 1779 1480 1834 binnulus
1541 1777 1860 1843 confossus,
1899 1793 1965 1831 ac
2012 1793 2114 1832 ceu
2147 1779 2382 1835 volucris

2490 1771 2616 1825 οὔτε
2642 1773 2718 1836 ὡς
2747 1774 2935 1843 ὄρνεον
2981 1775 3047 1827 ὲκ
3106 1776 3336 1842 παγίδος
3377 1776 3655 1847 ὲρῤύσθης
3683 1793 3698 1806 ·
3737 1776 3890 1828 ἀλλά
3937 1775 4100 1840 παγίς

795 1847 950 1927 visco
982 1871 1296 1940 implicatus
1323 1909 1336 1932 ,
1373 1885 1552 1938 neque
1585 1877 1645 1922 ut
1683 1885 1883 1939 caprea
1915 1884 1980 1923 ex
2021 1870 2238 1924 retibus
2271 1887 2382 1925 ser-

2493 1882 2575 1918 σοι
2600 1867 2822 1935 γέγονεν
2842 1860 2943 1937 τῆς
2967 1869 3276 1940 μοιχαλίδος
3336 1872 3369 1940 ή
3408 1869 3708 1940 όρχηστρίς
3729 1885 3741 1898 ’
3779 1872 3885 1924 καὶ
3913 1870 4096 1939 βόθρος

795 1973 955 2016 vatus
1003 1977 1062 2016 es
1096 1969 1144 2024 ο,
1204 1976 1382 2030 neque
1455 1967 1512 2013 ut
1564 1961 1685 2014 avis
1719 1973 1750 2012 a
1803 1960 2001 2029 laqueo
2049 1961 2312 2015 liberatus
2337 1971 2384 2017 P.

796 2053 1058 2118 Quinimo
1117 2051 1261 2105 facta
1329 2052 1426 2106 tibi
1485 2060 1570 2106 est
1625 2051 1857 2121 laqueus
1905 2051 2086 2120 puella
2132 2051 2386 2107 saltatrix

794 2143 1098 2198 meretricis
1157 2144 1408 2207 femina,
1483 2142 1752 2213 foveaque
1809 2143 2086 2212 profunda
2164 2145 2372 2200 amoris

795 2237 926 2290 illud
969 2237 1023 2290 in
1081 2252 1205 2290 eum
1259 2247 1517 2290 oestrum.
1557 2253 1577 2286 ι
1608 2237 1673 2288 Et
1730 2237 1972 2296 saltavit.
2039 2236 2241 2305 inquit,
2277 2236 2382 2290 filia

795 2325 1144 2389 Herodiadis,
1174 2333 1231 2379 et
1267 2327 1476 2395 placuit
1517 2323 1744 2386 llerodi,
1779 2335 1833 2379 et
1859 2325 2041 2380 dixit:
2074 2324 2204 2381 Pete
2232 2341 2262 2379 a
2297 2343 2383 2383 me

789 2417 936 2486 quod
988 2417 1260 2480 volueris,
1330 2425 1384 2471 et
1433 2419 1578 2470 dabo
1635 2418 1757 2470 tibi.
1809 2417 2028 2472 Etcum
2064 2420 2382 2488 iuramento

791 2511 1070 2576 pollicitus
1097 2517 1182 2563 est
1213 2509 1260 2563 ei
1318 2508 1453 2563 dare
1506 2507 1780 2579 quidquid
1810 2510 2175 2584 postulasset,
2208 2527 2382 2581 uSque

772 2600 856 2654 ad
906 2600 1192 2666 dimidium
1251 2601 1405 2670 regni
1472 2601 1631 2654 sui.»
1689 2599 1844 2663 Esto,
1905 2604 2182 2668 placuerit
2248 2611 2380 2658 tunc

790 2693 999 2746 saltans
1053 2691 1258 2760 puella,
1339 2690 1568 2759 forsque
1631 2691 1794 2744 etiam
1853 2691 2062 2759 aliquid
2132 2696 2380 2749 muneris

789 2785 982 2853 puellae
1013 2783 1223 2836 donare
1253 2783 1515 2836 debueris
1547 2797 1559 2833 :
1588 2790 1643 2856 at
1681 2791 1832 2836 certe
1860 2798 2050 2836 eorum
2078 2801 2200 2853 qua:
2249 2802 2377 2855 nos-

789 2892 910 2932 sem
934 2878 1076 2939 dari,
1110 2891 1216 2929 non
1250 2889 1370 2943 qua:
1403 2874 1573 2928 nimia
1614 2888 1678 2928 ac
1727 2877 2120 2943 exsuperantia
2153 2888 2373 2945 essent;

787 2984 977 3024 eorum
1019 2984 1143 3037 quae
1169 2971 1432 3022 convivas
1462 2966 1747 3034 voluptate
1777 2965 2081 3033 adicerent,
2117 2983 2227 3022 non
2253 2985 2377 3038 quae

787 3063 1018 3116 molesta
1048 3061 1229 3115 forent
1256 3077 1270 3114 :
1308 3075 1438 3113 num
1469 3061 1616 3114 enim
1635 3060 1815 3114 sancti
1847 3069 2015 3130 caput
2044 3070 2210 3131 atque
2248 3079 2378 3133 pro-

2491 1958 2853 2029 έπίκρημνος,
2903 1963 2931 2012 ό
2981 1961 3121 2031 πρὸς
3150 1961 3369 2032 ἐκείνην
3399 1958 3640 2031 οἶστρος.
3687 1981 3707 2013 ι
3752 1963 3878 2015 Καὶ
3918 1963 4093 2031 ὠρχή-

2491 2066 2643 2110 σατο,
2669 2051 2858 2119 φησὶν,
2890 2049 3195 2122 ήθυγάτηρ
3222 2053 3320 2121 τῆς
3355 2052 3713 2123 Ἡρωδιάδος,
3762 2055 3870 2106 καὶ
3903 2055 4093 2123 ἡρεσειο

2487 2141 2566 2210 τῷ
2609 2142 2845 2214 Ἡρώδῃ,
2876 2145 2973 2195 καὶ
3004 2139 3159 2197 εἶπεν
3181 2159 3196 2172 ·
3255 2144 3494 2212 Αἴτησόν
3516 2161 3584 2213 με
3615 2145 3762 2197 ὃὲὰν
3781 2144 3982 2216 Θέλεις,
4015 2149 4092 2195 καὶ

2485 2233 2643 2302 δώσω
2677 2250 2780 2286 σοι.
2818 2234 2928 2286 Καὶ
2971 2235 3093 2304 μεθ’
3126 2236 3293 2304 ὅρκου
3329 2233 3688 2304 ὡμολόγησεν
3720 2235 3873 2304 αὐτῇ
3896 2235 4092 2296 δοῦναι,

2484 2325 2513 2376 ὂ
2543 2325 2639 2377 ἐάν
2673 2328 2994 2398 αἰτήσηται,
3035 2327 3140 2390 ἕως
3168 2327 3403 2396 ἡμίσους
3425 2327 3523 2396 τῆς
3542 2327 3847 2396 βασιλείας
3875 2328 4089 2381 αὖτοίω

2488 2419 2673 2471 Ἔστω
2705 2420 2901 2490 ήρεσεν
2952 2419 3076 2472 τότε
3128 2420 3482 2490 όρχησαμένη
3521 2423 3555 2489 ὴ
3599 2422 3733 2482 παῖς
3760 2462 3776 2482 ,
3823 2421 3942 2473 εδει
3971 2422 4094 2473 δέτι

2483 2515 2579 2564 καὶ
2609 2512 2925 2583 δωρηθῆναι
2956 2514 3097 2583 τάχα
3159 2514 3310 2582 παρά
3364 2513 3459 2566 σοῦ
3493 2515 3562 2584 τῇ
3596 2514 3790 2566 παιδί’
3828 2516 3976 2568 ἀλλά
4002 2515 4093 2566 τῶν

2482 2603 2873 2672 ἐνδεχομένων,
2902 2605 2964 2656 οὐ
2994 2604 3106 2656 τῶν
3133 2604 3515 2673 ὑπερεχόντων
3538 2620 3552 2632 ⁸
3575 2604 3686 2655 τῶν
3709 2603 3970 2672 ήδόντων
3989 2607 4092 2664 τοὺς

2480 2693 2829 2764 δαιτυμόνας,
2858 2696 2917 2748 οὐ
2941 2696 3052 2747 τῶν
3073 2694 3349 2747 ἀνιὼντων
3368 2712 3380 2725 ·
3420 2697 3550 2764 μήτι
3568 2695 3678 2763 γάρ
3699 2695 3806 2765 τὴν
3824 2695 3927 2748 τοῦ
3950 2698 4092 2762 άγὲω

2481 2787 2578 2838 καὶ
2612 2789 2897 2855 προφήτου
2925 2785 3202 2855 κεφαλήν;
3227 2804 3246 2837 ι
3270 2786 3431 2838 Ἀλλά
3447 2787 3537 2839 διὰ
3549 2788 3679 2848 τοὺς
3695 2787 3932 2855 ὅρκους,
3949 2789 4087 2854 φησὶ,

2480 2877 2574 2928 καὶ
2601 2878 2728 2941 τοὺς
2760 2878 3276 2948 συνανακειμένους,
3326 2878 3428 2930 οὐκ
3459 2877 3730 2947 ἠθέλησεν
3757 2879 3950 2949 αὐτὴν
3979 2880 4089 2932 ἀθε-

2477 2969 2663 3038 τῆσαι.
2706 2989 2724 3022 ι
2753 2970 2859 3024 tbi-:6
2894 2971 3002 3039 τῆς
3017 2973 3207 3034 ἀνίαςί
3239 2969 3342 3038 φεῦ
3370 2971 3469 3041 τῆς
3501 2971 3854 3041 πωρώσεως,
3890 2975 3988 3025 καὶ
4009 2976 4089 3040 τῆς

2479 3058 2773 3127 ἀνευλόγου
2828 3060 3191 3130 προφάσεωςε
3231 3061 3292 3113 Ei
3338 3061 3449 3131 γάρ
3483 3063 3579 3113 καὶ
3634 3065 3738 3128 τῆς
3812 3061 4088 3130 βασιλείας

785 3153 1003 3224 ptietae?
1045 3171 1060 3204 ι
1098 3150 1204 3206 Sed
1239 3163 1466 3221 propter.
1516 3150 1935 3219 jusjurandum,
1984 3151 2180 3220 inquit,
2226 3163 2280 3208 et
2310 3158 2376 3209 si-

2487 3151 2832 3214 ἐξεστακέναι
2855 3169 2913 3205 σε
2931 3153 3156 3223 ᾔτησεν,
3182 3154 3299 3215 πῶς
3319 3155 3384 3207 ἂν
3405 3155 3531 3215 τοὺς
3547 3154 3747 3222 ὅρκους
3761 3156 3914 3222 πρὸς
3931 3156 4087 3224 αὐτὴν

789 3241 896 3292 uml
933 3242 1335 3302 recumbentes,
1364 3241 1542 3294 noluit
1570 3241 1619 3294 ei
1644 3242 1914 3294 abnuere.
1948 3260 1966 3292 ›
1987 3238 2380 3309 O_amentiaml

2491 3242 2868 3313 ὲμεθὼδευσας
2895 3263 2910 3310 ;
2937 3246 2995 3298 Ei
3020 3247 3078 3299 δὲ
3110 3247 3206 3298 καὶ
3253 3246 3352 3314 τῆς
3385 3246 3590 3316 μητρὸς
3619 3247 4086 3315 sanguinei-psi

786 3330 829 3384 Ο
893 3333 1224 3393 οωοίιειιθιη,
1274 3340 1719 3401 praetextumque
1769 3331 2013 3385 alienum
2063 3349 2092 3386 a
2129 3337 2379 3392 ratione!
2486 3335 2613 3397 τοὺς
2667 3335 2989 3404 ὀφθαλμοὺς
3049 3336 3373 3409 ἐξῃτήσατο,
3426 3335 3588 3406 ἢ-καὶ
3624 3337 3730 3405 τῆς
3782 3338 4087 3398 παντελοῦς

786 3422 855 3478 Ut
880 3429 1026 3478 enim
1062 3426 1311 3495 petiisset
1369 3435 1430 3476 ιιι
1457 3439 1487 3476 a
1521 3438 1694 3492 regno
1726 3423 2046 3489 excederes,
2109 3431 2382 3494 quomodo

2487 3426 2789 3493 ἀφεστάναι
2816 3427 2951 3497 πρὸς
3001 3429 3179 3498 αὐτὴν
3227 3431 3516 3494 συνουσίας
3553 3431 3887 3495 ἐπέταττεν,
3929 3431 4083 3496 tali;-

785 3532 905 3570 eras
927 3528 1288 3571 exsecuturus
1301 3517 1449 3585 quod
1477 3517 1526 3569 ei
1548 3517 1834 3585 juraveras
1858 3516 1881 3568 ?
1911 3518 1978 3570 Lt
2005 3527 2186 3571 autem
2217 3521 2382 3574 etiam

2491 3533 2615 3586 ρους
2647 3515 2756 3589 ἆρα
2786 3519 2848 3571 τὸ
2882 3521 3106 3590 αἱτηθέν
3138 3539 3154 3586 ;
3195 3539 3213 3572 ι
3257 3521 3419 3574 Ἀλλὰ
3445 3522 3533 3575 διὰ
3565 3523 3693 3583 τοὺς
3722 3522 3953 3592 ὅρκους.
3994 3533 4081 3589 εἶτ’

783 3609 1032 3677 petiisset
1091 3616 1151 3660 ut
1207 3607 1582 3661 elfodereutur
1626 3608 1822 3662 matris
1853 3610 2025 3673 oculi,
2063 3612 2146 3665 vel
2187 3614 2382 3682 utjus-

2488 3609 2594 3670 σὶν,
2627 3613 2868 3674 καὶτοὺς
2901 3613 3420 3683 συνανακειμένους,
3468 3615 3569 3666 οὐκ
3599 3613 3882 3684 ⁴ἠθέλησεν
3924 3615 4080 3680 αὐτὴν

782 3698 944 3753 sisset
972 3705 1030 3751 ut
1061 3700 1130 3752 ab
1162 3697 1283 3768 ejus
1319 3700 1550 3752 omnino
1597 3700 2011 3756 consuetudine
2046 3705 2372 3766 recederes,

2487 3701 2771 3770 ἀθετῆσαι.
2819 3723 2836 3754 ι
2872 3705 2944 3756 Τὸ
2981 3705 3091 3776 γὰρ
3121 3706 3417 3776 λεγόμενον
3447 3707 3582 3774 πρὸς
3615 3709 3778 3759 τοῦτο
3803 3708 3968 3777 φέρει
3999 3711 4079 3774 τῆς

781 3788 1198 3858 implevissesne
1224 3789 1373 3858 quod
1397 3789 1690 3857 petiisset?
1729 3809 1746 3841 ι
1793 3790 1901 3845 Sed
1938 3794 2380 3863 propterjusjuo

2487 3790 2732 3861 ἀνάγκης
2781 3792 2842 3844 τὸ
2895 3795 3296 3864 ἀπαραίτητον.
3347 3795 3412 3846 Τί
3463 3790 3558 3848 οὖν
3601 3793 3666 3848 ἂν
3721 3795 4007 3866 ἔπραξας,
4041 3797 4077 3846 εί

778 3882 1035 3947 randum,
1085 3883 1288 3951 inquit,
1341 3891 1396 3937 et
1460 3882 1626 3937 simul
1673 3885 2084 3951 recumbentes,
2117 3887 2297 3941 noluit
2327 3889 2379 3943 ei

2487 3882 2590 3934 τῶν
2649 3883 2956 3953 εἰρημένων
3013 3886 3142 3954 μίαν
3207 3888 3504 3956 προΐσχετο
3561 3886 3888 3955 πρότασιν;
3951 3887 4075 3940 Ἀλλ’

777 3975 1040 4029 abnuere.
1088 3994 1108 4027 ι
1147 3974 1305 4041 Quod
1358 3976 1506 4029 enim
1568 3976 1798 4039 dicitur,
1830 3977 2109 4046 ejusmodi
2144 3981 2379 4035 inevita-

776 4067 941 4120 bilem
972 4071 1357 4122 necessitatem
1390 4068 1575 4122 refert.
1601 4054 1745 4132 Quid
1781 4083 1915 4138 ergo
1940 4068 2194 4126 facturus
2228 4089 2373 4138 eras,

776 4170 835 4213 ut
865 4160 953 4212 illa
989 4175 1158 4213 unum
1191 4160 1325 4229 quid
1360 4161 1750 4228 praedictorum
1781 4165 2213 4231 proposuisset?
2245 4165 2374 4232 Sed,

774 4262 836 4306 ut
883 4253 1126 4315 videtur,
1187 4270 1203 4302 ι
1249 4251 1446 4307 Omnis
1496 4253 1591 4322 qui
1648 4251 1784 4306 facit
1827 4263 2140 4321 peccatum,
2177 4273 2376 4314 servus

771 4352 859 4398 est
907 4345 1190 4412 peccatis.
1225 4363 1242 4393 ι
1306 4341 1443 4394 Nam
1486 4343 1579 4412 qui
1609 4358 1767 4397 suam
1814 4345 2086 4414 voluptati
2138 4348 2376 4417 subjecit

772 4435 1090 4499 rationem,
1129 4433 1187 4488 fit
1221 4434 1447 4504 quidem
1500 4434 1720 4488 occulte
1777 4434 2040 4488 vitiorum
2086 4451 2151 4491 ac
2201 4440 2372 4495 animi

2481 3973 2557 4036 ὡς
2573 3973 2772 4036 ἔοικεν,
2798 3995 2815 4025 ι
2853 3976 3014 4038 Πᾶςὸ
3053 3977 3223 4029 ποιῶν
3265 3978 3364 4047 τὴν
3403 3978 3702 4047 ἁμαρτίαν,
3732 3977 3928 4041 δοῦλός
3973 3983 4075 4030 ἐστι

2479 4068 2579 4136 τῆς
2612 4067 2944 4137 ἀμαρτίας.ι
2982 4069 3039 4120 ’0
3070 4069 3261 4140 γάρτῇ
3287 4071 3446 4138 ἡδονῇ
3467 4070 3559 4122 τὸν
3590 4070 3794 4122 ἑαυτοῦ
3824 4072 4074 4139 λογισμὸν

2481 4159 2785 4223 ὑποζεύξας
2816 4199 2830 4222 ,
2874 4159 3058 4224 δοῦλος
3114 4163 3216 4231 μὲν
3276 4161 3497 4230 ἀφανῶς
3551 4163 3768 4229 γίνεται
3814 4164 3929 4215 τῶν
3983 4181 4068 4216 παι

2479 4250 2608 4303 Θῶν⁶
2635 4252 2714 4320 τῷ
2743 4252 2962 4321 Θυμικῷ
2978 4251 3034 4304 δὲ
3057 4255 3193 4323 πρὸς
3212 4253 3522 4323 ὑπουργίαν
3537 4253 3833 4322 ὁρμήματι
3869 4255 4072 4323 χρώμε-

2477 4359 2566 4405 νος
2591 4344 2881 4413 προφαίνει
2911 4345 3207 4415 προφανῶς
3235 4347 3314 4407 είς
3337 4344 3647 4414 τούμφανὲς
3679 4345 3780 4414 τήν
3798 4345 4039 4398 διάθεσιν
4058 4361 4069 4373 ·

2477 4436 2654 4488 έκεῖνο
2706 4428 2782 4506 τῇ
2824 4435 3050 4489 ἐκϐάσει
3111 4437 3205 4490 τοῦ
3238 4439 3442 4507 τρόπου
3484 4438 3841 4505 φαινόμενος,
3883 4440 4069 4507 δπερή

774 4528 1253 4596 perturbationum
1290 4542 1483 4580 servus
1517 4545 1529 4579 :
1560 4525 1654 4579 ubi
1683 4533 1868 4582 autem
1892 4530 2246 4597 postmodum
2282 4532 2377 4590 ira:

2487 4526 2802 4579 δουλώσασα
2851 4529 2958 4598 πρὸ
3027 4529 3126 4598 τῆς
3167 4529 3367 4599 πείρας
3404 4528 3776 4582 έϐούλετο·ού
3811 4525 4069 4600 πρότερον

773 4632 923 4673 ιιιοιιι
955 4620 1290 4673 administro
1326 4619 1526 4680 utitur,
1572 4632 1728 4672 suam
1762 4627 1955 4686 aperte
1989 4620 2043 4673 in
2085 4623 2371 4691 publicum

2487 4617 2574 4670 τοῦ
2606 4618 2779 4690 θυμοῦ
2801 4619 3088 4689 λήξαντος,
3119 4621 3226 4682 ἓως
3259 4621 3324 4672 ἂν
3350 4621 3451 4689 τῆς
3473 4620 3668 4689 ἡδονῆς
3700 4623 3735 4690 ἠ
3771 4603 3966 4688 παγίς,
3989 4625 4068 4674 τὸν

774 4710 1034 4780 producit
1093 4709 1483 4775 affectionem;
1539 4709 1674 4763 illud
1715 4724 1839 4764 sese
1891 4725 2110 4765 morum
2171 4701 2377 4768 eventu.

2487 4711 2706 4781 ἐμπαθῆ
2741 4713 3123 4770 κατεδίκασεν.
3161 4715 3324 4784 ὐρᾷς
3356 4717 3438 4778 είς
3483 4715 3551 4783 ἢν
3573 4715 3814 4777 ’ἀτοπίας
3842 4715 4068 4784 ὑπερϐο-

772 4805 1039 4874 prodens,
1085 4801 1231 4871 quod
1289 4801 1578 4869 captivans
1639 4801 1897 4869 voluptas
1939 4810 2069 4856 ante
2111 4805 2188 4856 rei
2226 4807 2372 4874 peri-

2487 4805 2577 4874 λὴν
2608 4805 2922 4859 ἀπώλισθέν
2979 4823 3063 4860 σοι
3099 4806 3211 4860 τῶν
3261 4807 3445 4877 ὅρκων
3487 4809 3518 4876 ἡ
3559 4807 3848 4876 προφορᾶς
3896 4809 4066 4861 Mavis

771 4897 960 4950 culum
1020 4895 1310 4964 exigebat;
1363 4910 1473 4948 non
1537 4895 1694 4963 prius
1746 4895 2040 4949 desinente
2074 4897 2374 4966 ira,quam

2487 4896 2686 4966 πολλή·
2719 4897 2982 4966 πώρωσις
3011 4897 3129 4962 νοῦ,
3171 4898 3266 4950 καὶ
3317 4899 3534 4968 φρενῶν
3573 4897 3950 4966 ιεάμϐλωσις,
3981 4900 4068 4968 τήν

770 4990 1069 5061 voluptatis
1105 4990 1360 5059 laqueus,
1396 5003 1459 5042 ea
1485 4987 1778 5042 alfectione
1805 4987 2151 5042 laborantem
2191 4991 2372 5044 homi-

2487 4987 2737 5058 τοιαύτην
2775 4988 3110 5060 ἀϐελτηρίαν
3155 4990 3448 5043 ἀπέτεκεν.
3487 5008 3506 5041 ι
3545 4990 3783 5060 Αἴτησόν
3833 5008 3902 5060 με
3926 4990 3953 5044 ὃ
3981 4993 4065 5044 ἐάν

767 5098 919 5142 mm,
978 5098 1128 5134 reum
1189 5079 1610 5133 demonstrarit.
1641 5079 1808 5132 Vides
1859 5081 1912 5132 in
1957 5088 2222 5149 quantam
2257 5083 2357 5134 tibi

2487 5080 2650 5152 iam,
2713 5083 2808 5135 καὶ
2857 5081 3016 5136 δώσω
3070 5099 3190 5147 σοι,
3219 5084 3326 5147 έως
3374 5085 3608 5154 ήμίσους
3665 5083 3764 5152 τῆς
3795 5083 4063 5152 βασιλείας

913 5245 1117 5306 Jeiem.
1153 5268 1225 5318 ix,
1257 5250 1349 5306 21.
1423 5261 1450 5292 ο
1479 5253 1643 5309 Eccli.
1682 5269 1854 5320 xxvii,
1883 5254 1975 5310 ει.
2042 5266 2070 5306 P
2099 5255 2244 5313 Psal.
2273 5273 2382 5314 cxx

2512 5264 2564 5319 7.
2644 5273 2672 5314 (ι
2699 5263 2860 5322 Joan.
2900 5281 3018 5325 vm,
3051 5266 3141 5321 54.

2101 5399 2484 5457 COMBEFlSll
2529 5403 2763 5464 NOTAE.

862 5495 1147 5577 (θεωρία
1182 5497 1488 5577 voluptatis.
1538 5498 1821 5567 liiterpres
1869 5498 2153 5577 Lipomani
2206 5515 2366 5577 ηομ·
2480 5504 2551 5577 sit
2602 5503 2890 5575 Lipomani
2951 5507 3250 5577 negativa;
3320 5521 3421 5576 nec
3478 5506 3677 5576 duplex
3736 5507 3854 5562 hcc
3889 5509 4055 5565 'lecaio

790 5569 960 5648 tivam
986 5569 1170 5630 liabet,
1193 5569 1287 5622 sed
1325 5571 1572 5648 videatur
1602 5585 1802 5648 vacare
1833 5587 1847 5624 :
1881 5581 1938 5648 ut
1969 5570 2372 5648 veliLAndreas
2478 5569 2698 5648 aliunde
2736 5580 3000 5645 prodierit
3024 5569 3054 5641 ξ’
3076 5569 3246 5646 quam
3285 5569 3587 5648 ex‘dupliei
3621 5577 3710 5632 illa
3731 5581 3896 5648 vocis
3925 5583 4053 5648 ejus-

790 5638 1224 5721 nnllumyeram
1281 5640 1618 5721 voluptatem
1673 5642 1873 5721 habere
1928 5641 2030 5721 irata
2079 5639 2371 5721 Coryban-
2477 5635 3367 5721 inediacceptione,ac'forteilta
3389 5635 4056 5721 Lipomanidebeatprao

793 5710 898 5780 tica
950 5709 1041 5762 sed
1093 5725 1305 5763 merum
1360 5710 1667 5780 probrum;
1719 5712 1804 5766 sin
1856 5720 2040 5765 autem
2093 5711 2368 5765 carnalem
2474 5713 2627 5772 ferri.
2787 5709 2806 5720 ’
2982 5709 3036 5737 ’“

784 5778 1115 5850 voluptatem
1153 5795 1216 5836 ac
1249 5778 1533 5838 libifiinem
1567 5779 1820 5851 intelligit
1850 5823 1865 5850 ,
1919 5793 2046 5838 tunc
2088 5781 2368 5848 probanda
