  <div class='ocr_page' id='page_1' title='image "/cluster/home/n/w/nwhite01/storage/ocr_20150623/87/nnc1.0046979751/560.png"; bbox 0 0 4176 6448; ppageno 0'>
   <div class='ocr_carea' id='block_1_1' title="bbox 111 529 952 603">
    <p class='ocr_par' dir='ltr' id='par_1_1' title="bbox 111 529 952 603">
     <span class='ocr_line' id='line_1_1' title="bbox 111 529 952 603; baseline -0.005 -15"><span class='ocrx_word' id='word_1_1' title='bbox 111 555 238 603; x_wconf 81' lang='grc' dir='ltr'>μου.</span> <span class='ocrx_word' id='word_1_2' title='bbox 265 554 282 586; x_wconf 73' lang='grc' dir='ltr'><strong>ι</strong></span> <span class='ocrx_word' id='word_1_3' title='bbox 318 534 501 596; x_wconf 70' lang='grc' dir='ltr'>Οὕτως</span> <span class='ocrx_word' id='word_1_4' title='bbox 533 533 837 599; x_wconf 56' lang='lat' dir='ltr'><strong>ite-52.57.10;</strong></span> <span class='ocrx_word' id='word_1_5' title='bbox 870 529 952 597; x_wconf 63' lang='lat' dir='ltr'><strong>si;</strong></span> 
     </span>
    </p>
   </div>
   <div class='ocr_carea' id='block_1_2' title="bbox 110 622 1668 696">
    <p class='ocr_par' dir='ltr' id='par_1_2' title="bbox 110 622 1668 696">
     <span class='ocr_line' id='line_1_2' title="bbox 110 622 1668 696; baseline -0.003 -19"><span class='ocrx_word' id='word_1_6' title='bbox 110 625 285 696; x_wconf 79' lang='grc' dir='ltr'>μέτρα</span> <span class='ocrx_word' id='word_1_7' title='bbox 314 624 501 677; x_wconf 70' lang='grc' dir='ltr'>θέσθαι</span> <span class='ocrx_word' id='word_1_8' title='bbox 527 626 637 684; x_wconf 86' lang='grc' dir='ltr'>σοῖς</span> <span class='ocrx_word' id='word_1_9' title='bbox 664 625 942 693; x_wconf 75' lang='grc' dir='ltr'>λογισμοῖς</span> <span class='ocrx_word' id='word_1_10' title='bbox 963 639 977 653; x_wconf 77' lang='grc' dir='ltr'><strong>ο</strong></span> <span class='ocrx_word' id='word_1_11' title='bbox 1018 623 1174 691; x_wconf 66' lang='grc' dir='ltr'>μηδὲ,</span> <span class='ocrx_word' id='word_1_12' title='bbox 1205 624 1340 692; x_wconf 77' lang='grc' dir='ltr'>ὅπερ</span> <span class='ocrx_word' id='word_1_13' title='bbox 1375 625 1473 674; x_wconf 65' lang='grc' dir='ltr'><strong>οὐκ</strong></span> <span class='ocrx_word' id='word_1_14' title='bbox 1504 622 1668 690; x_wconf 66' lang='grc' dir='ltr'>ἐχρῆν</span> 
     </span>
    </p>
   </div>
   <div class='ocr_carea' id='block_1_3' title="bbox 108 712 1669 783">
    <p class='ocr_par' dir='ltr' id='par_1_3' title="bbox 108 712 1669 783">
     <span class='ocr_line' id='line_1_3' title="bbox 108 712 1669 783; baseline -0.001 -17"><span class='ocrx_word' id='word_1_15' title='bbox 108 716 481 775; x_wconf 81' lang='grc' dir='ltr'>ἀϐασανίστως</span> <span class='ocrx_word' id='word_1_16' title='bbox 536 713 918 783; x_wconf 74' lang='grc' dir='ltr'>προεήκασθαι</span> <span class='ocrx_word' id='word_1_17' title='bbox 977 713 1243 777; x_wconf 84' lang='grc' dir='ltr'>συνιδείν;</span> <span class='ocrx_word' id='word_1_18' title='bbox 1290 714 1490 765; x_wconf 82' lang='grc' dir='ltr'>Σκόπει</span> <span class='ocrx_word' id='word_1_19' title='bbox 1533 712 1669 781; x_wconf 77' lang='grc' dir='ltr'>πρὸς</span> 
     </span>
    </p>
   </div>
   <div class='ocr_carea' id='block_1_4' title="bbox 107 800 1671 871">
    <p class='ocr_par' dir='ltr' id='par_1_4' title="bbox 107 800 1671 871">
     <span class='ocr_line' id='line_1_4' title="bbox 107 800 1671 871; baseline -0.003 -13"><span class='ocrx_word' id='word_1_20' title='bbox 107 807 231 858; x_wconf 76' lang='grc' dir='ltr'>ὅσον</span> <span class='ocrx_word' id='word_1_21' title='bbox 257 802 506 863; x_wconf 70' lang='grc' dir='ltr'>ἀϐουλίας</span> <span class='ocrx_word' id='word_1_22' title='bbox 536 803 795 871; x_wconf 40' lang='lat' dir='ltr'><strong>simi/‘01]</strong></span> <span class='ocrx_word' id='word_1_23' title='bbox 823 819 923 864; x_wconf 88' lang='grc' dir='ltr'>σοι,</span> <span class='ocrx_word' id='word_1_24' title='bbox 958 802 1017 854; x_wconf 76' lang='grc' dir='ltr'>τὸ</span> <span class='ocrx_word' id='word_1_25' title='bbox 1040 802 1323 871; x_wconf 75' lang='grc' dir='ltr'><strong>προπετῶς</strong></span> <span class='ocrx_word' id='word_1_26' title='bbox 1356 802 1569 869; x_wconf 78' lang='grc' dir='ltr'>ὀμόσαι·</span> <span class='ocrx_word' id='word_1_27' title='bbox 1598 800 1671 854; x_wconf 79' lang='grc' dir='ltr'><strong>Τὸ</strong></span> 
     </span>
    </p>
   </div>
   <div class='ocr_carea' id='block_1_5' title="bbox 105 888 1669 963">
    <p class='ocr_par' dir='ltr' id='par_1_5' title="bbox 105 888 1669 963">
     <span class='ocr_line' id='line_1_5' title="bbox 105 888 1669 963; baseline -0.001 -17"><span class='ocrx_word' id='word_1_28' title='bbox 105 895 163 948; x_wconf 85' lang='grc' dir='ltr'>δὲ</span> <span class='ocrx_word' id='word_1_29' title='bbox 190 893 586 963; x_wconf 70' lang='grc' dir='ltr'>συνηρπάσθαι,</span> <span class='ocrx_word' id='word_1_30' title='bbox 612 893 671 945; x_wconf 76' lang='grc' dir='ltr'>οὔ</span> <span class='ocrx_word' id='word_1_31' title='bbox 705 912 846 963; x_wconf 80' lang='grc' dir='ltr'>φημι</span> <span class='ocrx_word' id='word_1_32' title='bbox 880 893 1156 962; x_wconf 69' lang='grc' dir='ltr'>βασιλικὸν</span> <span class='ocrx_word' id='word_1_33' title='bbox 1198 888 1336 944; x_wconf 81' lang='grc' dir='ltr'>εἶναι</span> <span class='ocrx_word' id='word_1_34' title='bbox 1361 894 1669 961; x_wconf 64' lang='grc' dir='ltr'>γνώρισμα,</span> 
     </span>
    </p>
   </div>
   <div class='ocr_carea' id='block_1_6' title="bbox 106 984 1673 1060">
    <p class='ocr_par' dir='ltr' id='par_1_6' title="bbox 106 984 1673 1060">
     <span class='ocr_line' id='line_1_6' title="bbox 106 984 1673 1060; baseline -0.005 -18"><span class='ocrx_word' id='word_1_35' title='bbox 106 989 509 1060; x_wconf 81' lang='grc' dir='ltr'>ἀθυροστομίας</span> <span class='ocrx_word' id='word_1_36' title='bbox 528 988 582 1039; x_wconf 83' lang='grc' dir='ltr'><strong>δέ</strong></span> <span class='ocrx_word' id='word_1_37' title='bbox 608 987 776 1048; x_wconf 71' lang='grc' dir='ltr'>πάθος</span> <span class='ocrx_word' id='word_1_38' title='bbox 804 986 1037 1055; x_wconf 72' lang='grc' dir='ltr'>ἀκρατὲς</span> <span class='ocrx_word' id='word_1_39' title='bbox 1053 1002 1064 1013; x_wconf 93' lang='grc'><strong>·</strong></span> <span class='ocrx_word' id='word_1_40' title='bbox 1082 987 1217 1055; x_wconf 78' lang='grc' dir='ltr'>ὅπερ</span> <span class='ocrx_word' id='word_1_41' title='bbox 1238 984 1395 1045; x_wconf 73' lang='grc' dir='ltr'>αὐτὸς</span> <span class='ocrx_word' id='word_1_42' title='bbox 1415 984 1673 1046; x_wconf 71' lang='grc' dir='ltr'>ὑποστὰς,</span> 
     </span>
    </p>
   </div>
   <div class='ocr_carea' id='block_1_7' title="bbox 107 1073 1675 1150">
    <p class='ocr_par' dir='ltr' id='par_1_7' title="bbox 107 1073 1675 1150">
     <span class='ocr_line' id='line_1_7' title="bbox 107 1073 1675 1150; baseline -0.006 -18"><span class='ocrx_word' id='word_1_43' title='bbox 107 1081 168 1132; x_wconf 81' lang='grc' dir='ltr'>τὸ</span> <span class='ocrx_word' id='word_1_44' title='bbox 232 1082 307 1150; x_wconf 81' lang='grc' dir='ltr'><strong>μὴ</strong></span> <span class='ocrx_word' id='word_1_45' title='bbox 356 1080 683 1149; x_wconf 79' lang='grc' dir='ltr'>κεκριμένον</span> <span class='ocrx_word' id='word_1_46' title='bbox 734 1076 898 1139; x_wconf 74' lang='grc' dir='ltr'>ἐδέξω</span> <span class='ocrx_word' id='word_1_47' title='bbox 937 1076 1009 1138; x_wconf 79' lang='grc' dir='ltr'>ὡς</span> <span class='ocrx_word' id='word_1_48' title='bbox 1038 1074 1386 1145; x_wconf 79' lang='grc' dir='ltr'>κεκριμένον.</span> <span class='ocrx_word' id='word_1_49' title='bbox 1425 1073 1675 1134; x_wconf 73' lang='grc' dir='ltr'>Τοιοῦτος</span> 
     </span>
    </p>
   </div>
   <div class='ocr_carea' id='block_1_8' title="bbox 112 1164 1673 1241">
    <p class='ocr_par' dir='ltr' id='par_1_8' title="bbox 112 1164 1673 1241">
     <span class='ocr_line' id='line_1_8' title="bbox 112 1164 1673 1241; baseline -0.005 -19"><span class='ocrx_word' id='word_1_50' title='bbox 112 1172 223 1241; x_wconf 77' lang='grc' dir='ltr'><strong>γὰρ</strong></span> <span class='ocrx_word' id='word_1_51' title='bbox 270 1171 414 1232; x_wconf 78' lang='grc' dir='ltr'>ἄπας</span> <span class='ocrx_word' id='word_1_52' title='bbox 456 1169 577 1230; x_wconf 75' lang='grc' dir='ltr'>νοῦς</span> <span class='ocrx_word' id='word_1_53' title='bbox 599 1169 949 1236; x_wconf 76' lang='grc' dir='ltr'>ἀχαλίνωτος,</span> <span class='ocrx_word' id='word_1_54' title='bbox 983 1165 1077 1217; x_wconf 66' lang='grc' dir='ltr'><strong>καὶ</strong></span> <span class='ocrx_word' id='word_1_55' title='bbox 1129 1165 1284 1232; x_wconf 72' lang='grc' dir='ltr'>λόγος</span> <span class='ocrx_word' id='word_1_56' title='bbox 1326 1164 1633 1231; x_wconf 74' lang='grc' dir='ltr'><strong>ἀφύλακτος</strong></span> <span class='ocrx_word' id='word_1_57' title='bbox 1660 1178 1673 1191; x_wconf 78' lang='grc'><strong><em>⁸</em></strong></span> 
     </span>
    </p>
   </div>
   <div class='ocr_carea' id='block_1_9' title="bbox 114 1252 1696 1329">
    <p class='ocr_par' dir='ltr' id='par_1_9' title="bbox 114 1252 1696 1329">
     <span class='ocr_line' id='line_1_9' title="bbox 114 1252 1696 1329; baseline -0.007 -18"><span class='ocrx_word' id='word_1_58' title='bbox 114 1260 191 1329; x_wconf 84' lang='grc' dir='ltr'><strong>μὴ</strong></span> <span class='ocrx_word' id='word_1_59' title='bbox 223 1260 318 1328; x_wconf 80' lang='grc' dir='ltr'>τῆς</span> <span class='ocrx_word' id='word_1_60' title='bbox 368 1258 464 1310; x_wconf 81' lang='grc' dir='ltr'><strong>τοῦ</strong></span> <span class='ocrx_word' id='word_1_61' title='bbox 515 1257 679 1309; x_wconf 75' lang='grc' dir='ltr'>καλοῦ</span> <span class='ocrx_word' id='word_1_62' title='bbox 717 1257 948 1325; x_wconf 80' lang='grc' dir='ltr'>κρίσεως</span> <span class='ocrx_word' id='word_1_63' title='bbox 981 1253 1378 1323; x_wconf 77' lang='grc' dir='ltr'>ἑπιστατούσης</span> <span class='ocrx_word' id='word_1_64' title='bbox 1414 1256 1523 1315; x_wconf 85' lang='grc' dir='ltr'>τοῖς</span> <span class='ocrx_word' id='word_1_65' title='bbox 1546 1252 1696 1320; x_wconf 75' lang='grc' dir='ltr'>λογι-</span> 
     </span>
    </p>
   </div>
   <div class='ocr_carea' id='block_1_10' title="bbox 113 1345 1687 1419">
    <p class='ocr_par' dir='ltr' id='par_1_10' title="bbox 113 1345 1687 1419">
     <span class='ocr_line' id='line_1_10' title="bbox 113 1345 1687 1419; baseline -0.004 -19"><span class='ocrx_word' id='word_1_66' title='bbox 113 1353 293 1419; x_wconf 79' lang='grc' dir='ltr'>σμοῖς,</span> <span class='ocrx_word' id='word_1_67' title='bbox 318 1348 721 1401; x_wconf 77' lang='grc' dir='ltr'>ἀλλὰτάναντία</span> <span class='ocrx_word' id='word_1_68' title='bbox 744 1348 873 1416; x_wconf 80' lang='grc' dir='ltr'>δρᾷν</span> <span class='ocrx_word' id='word_1_69' title='bbox 889 1345 982 1398; x_wconf 76' lang='grc' dir='ltr'>τοῦ</span> <span class='ocrx_word' id='word_1_70' title='bbox 1010 1345 1101 1397; x_wconf 80' lang='grc' dir='ltr'>νοῦ</span> <span class='ocrx_word' id='word_1_71' title='bbox 1122 1346 1196 1414; x_wconf 78' lang='grc' dir='ltr'><strong>μὴ</strong></span> <span class='ocrx_word' id='word_1_72' title='bbox 1213 1345 1530 1407; x_wconf 82' lang='grc' dir='ltr'>κωλύοντος,</span> <span class='ocrx_word' id='word_1_73' title='bbox 1556 1363 1687 1415; x_wconf 70' lang='grc' dir='ltr'>προ-</span> 
     </span>
    </p>
   </div>
   <div class='ocr_carea' id='block_1_11' title="bbox 112 1435 1685 1512">
    <p class='ocr_par' dir='ltr' id='par_1_11' title="bbox 112 1435 1685 1512">
     <span class='ocr_line' id='line_1_11' title="bbox 112 1435 1685 1512; baseline -0.004 -19"><span class='ocrx_word' id='word_1_74' title='bbox 112 1441 502 1512; x_wconf 72' lang='grc' dir='ltr'>σαφῃρημένου</span> <span class='ocrx_word' id='word_1_75' title='bbox 522 1439 612 1490; x_wconf 69' lang='grc' dir='ltr'>τοῦ</span> <span class='ocrx_word' id='word_1_76' title='bbox 628 1438 769 1491; x_wconf 70' lang='grc' dir='ltr'>κατὰ</span> <span class='ocrx_word' id='word_1_77' title='bbox 790 1437 949 1505; x_wconf 84' lang='grc' dir='ltr'>φύσιν</span> <span class='ocrx_word' id='word_1_78' title='bbox 974 1438 1337 1505; x_wconf 81' lang='grc' dir='ltr'>φρονήματος.</span> <span class='ocrx_word' id='word_1_79' title='bbox 1376 1435 1513 1487; x_wconf 74' lang='grc' dir='ltr'>Ἀλλ’</span> <span class='ocrx_word' id='word_1_80' title='bbox 1532 1439 1560 1487; x_wconf 73' lang='grc' dir='ltr'>ὁ</span> <span class='ocrx_word' id='word_1_81' title='bbox 1589 1437 1685 1505; x_wconf 82' lang='grc' dir='ltr'><strong>μὲν</strong></span> 
     </span>
    </p>
   </div>
   <div class='ocr_carea' id='block_1_12' title="bbox 124 1524 1683 1602">
    <p class='ocr_par' dir='ltr' id='par_1_12' title="bbox 124 1524 1683 1602">
     <span class='ocr_line' id='line_1_12' title="bbox 124 1524 1683 1602; baseline -0.003 -20"><span class='ocrx_word' id='word_1_82' title='bbox 124 1530 371 1602; x_wconf 78' lang='grc' dir='ltr'>Ἡρώδης</span> <span class='ocrx_word' id='word_1_83' title='bbox 414 1530 557 1582; x_wconf 80' lang='grc' dir='ltr'>οὕτω</span> <span class='ocrx_word' id='word_1_84' title='bbox 601 1529 817 1595; x_wconf 81' lang='grc' dir='ltr'>κούφως</span> <span class='ocrx_word' id='word_1_85' title='bbox 862 1526 1101 1595; x_wconf 74' lang='grc' dir='ltr'>ἐνεχθεὶς</span> <span class='ocrx_word' id='word_1_86' title='bbox 1120 1526 1214 1578; x_wconf 68' lang='grc' dir='ltr'><strong>καὶ</strong></span> <span class='ocrx_word' id='word_1_87' title='bbox 1249 1526 1467 1590; x_wconf 84' lang='grc' dir='ltr'>ἀθλίως,</span> <span class='ocrx_word' id='word_1_88' title='bbox 1494 1524 1683 1578; x_wconf 81' lang='grc' dir='ltr'>ἀθλίαν</span> 
     </span>
    </p>
   </div>
   <div class='ocr_carea' id='block_1_13' title="bbox 110 1616 1300 1690">
    <p class='ocr_par' dir='ltr' id='par_1_13' title="bbox 110 1616 1300 1690">
     <span class='ocr_line' id='line_1_13' title="bbox 110 1616 1300 1690; baseline -0.003 -18"><span class='ocrx_word' id='word_1_89' title='bbox 110 1623 205 1673; x_wconf 76' lang='grc' dir='ltr'><strong>καὶ</strong></span> <span class='ocrx_word' id='word_1_90' title='bbox 246 1621 343 1689; x_wconf 83' lang='grc' dir='ltr'>τὴν</span> <span class='ocrx_word' id='word_1_91' title='bbox 374 1618 901 1690; x_wconf 69' lang='grc' dir='ltr'><strong>μνήμηνδιιϊῖταντὸν¹</strong></span> <span class='ocrx_word' id='word_1_92' title='bbox 928 1616 1300 1683; x_wconf 78' lang='grc' dir='ltr'><strong>ἀπηνέγκατο.</strong></span> 
     </span>
    </p>
   </div>
   <div class='ocr_carea' id='block_1_14' title="bbox 1141 428 2352 491">
    <p class='ocr_par' dir='ltr' id='par_1_14' title="bbox 1141 428 2352 491">
     <span class='ocr_line' id='line_1_14' title="bbox 1141 428 2352 491; baseline 0.003 -6"><span class='ocrx_word' id='word_1_93' title='bbox 1141 430 1213 486; x_wconf 67' lang='grc' dir='ltr'><strong>ΙΝ</strong></span> <span class='ocrx_word' id='word_1_94' title='bbox 1248 430 1308 488; x_wconf 77' lang='lat' dir='ltr'><strong>S.</strong></span> <span class='ocrx_word' id='word_1_95' title='bbox 1346 428 1663 488; x_wconf 65' lang='lat' dir='ltr'><strong>JOANNIS</strong></span> <span class='ocrx_word' id='word_1_96' title='bbox 1704 429 2352 491; x_wconf 69' lang='grc' dir='ltr'><strong>ΙιΙΣΟἿὶᾸΛΊΊΠΝΕΜ-</strong></span> 
     </span>
    </p>
   </div>
   <div class='ocr_carea' id='block_1_15' title="bbox 1000 533 1685 613">
    <p class='ocr_par' dir='ltr' id='par_1_15' title="bbox 1000 533 1671 604">
     <span class='ocr_line' id='line_1_15' title="bbox 1000 533 1671 604; baseline -0.003 -19"><span class='ocrx_word' id='word_1_97' title='bbox 1000 533 1171 595; x_wconf 67' lang='grc' dir='ltr'>οὕτως</span> <span class='ocrx_word' id='word_1_98' title='bbox 1205 534 1453 604; x_wconf 64' lang='grc' dir='ltr'>εὐχερὴς,</span> <span class='ocrx_word' id='word_1_99' title='bbox 1480 534 1551 595; x_wconf 80' lang='grc' dir='ltr'>ὼς</span> <span class='ocrx_word' id='word_1_100' title='bbox 1599 535 1671 602; x_wconf 75' lang='grc' dir='ltr'><strong>μή</strong></span> 
     </span>
    </p>
   </div>
   <div class='ocr_carea' id='block_1_16' title="bbox 1791 533 3340 613">
    <p class='ocr_par' dir='ltr' id='par_1_16' title="bbox 1791 536 3340 613">
     <span class='ocr_line' id='line_1_16' title="bbox 1791 536 3340 613; baseline 0.012 -30"><span class='ocrx_word' id='word_1_101' title='bbox 1791 536 2029 603; x_wconf 64' lang='lat' dir='ltr'><strong>prolapsa</strong></span> <span class='ocrx_word' id='word_1_102' title='bbox 2057 538 2125 588; x_wconf 78' lang='lat' dir='ltr'><strong>sit</strong></span> <span class='ocrx_word' id='word_1_103' title='bbox 2155 540 2576 605; x_wconf 76' lang='lat' dir='ltr'><strong>absurditatcm,</strong></span> <span class='ocrx_word' id='word_1_104' title='bbox 2615 543 2967 613; x_wconf 83' lang='lat' dir='ltr'><strong>jurisjuraudi</strong></span> <span class='ocrx_word' id='word_1_105' title='bbox 3008 563 3135 601; x_wconf 87' lang='lat' dir='ltr'><strong>voce</strong></span> <span class='ocrx_word' id='word_1_106' title='bbox 3181 558 3340 603; x_wconf 54' lang='lat' dir='ltr'><strong>tem.»-</strong></span> 
     </span>
    </p>
   </div>
   <div class='ocr_carea' id='block_1_17' title="bbox 3207 439 3335 502">
    <p class='ocr_par' dir='ltr' id='par_1_17' title="bbox 3207 439 3335 502">
     <span class='ocr_line' id='line_1_17' title="bbox 3207 439 3335 502; baseline -0.031 0"><span class='ocrx_word' id='word_1_107' title='bbox 3207 439 3335 502; x_wconf 66' lang='lat'><strong>1126</strong></span> 
     </span>
    </p>
   </div>
   <div class='ocr_carea' id='block_1_18' title="bbox 1776 627 3340 700">
    <p class='ocr_par' dir='ltr' id='par_1_18' title="bbox 1776 627 3340 700">
     <span class='ocr_line' id='line_1_18' title="bbox 1776 627 3340 700; baseline 0.012 -26"><span class='ocrx_word' id='word_1_108' title='bbox 1776 628 2047 693; x_wconf 79' lang='lat' dir='ltr'><strong>prolatio?</strong></span> <span class='ocrx_word' id='word_1_109' title='bbox 2073 627 2261 697; x_wconf 75' lang='lat' dir='ltr'><strong>Magna</strong></span> <span class='ocrx_word' id='word_1_110' title='bbox 2291 633 2524 693; x_wconf 80' lang='lat' dir='ltr'><strong>insania,</strong></span> <span class='ocrx_word' id='word_1_111' title='bbox 2568 637 2767 689; x_wconf 84' lang='lat' dir='ltr'><strong>mentis</strong></span> <span class='ocrx_word' id='word_1_112' title='bbox 2786 642 3021 700; x_wconf 63' lang='lat' dir='ltr'><strong>rteeitas.</strong></span> <span class='ocrx_word' id='word_1_113' title='bbox 3048 656 3340 693; x_wconf 80' lang='lat' dir='ltr'><strong>St&#39;llStltlllt-</strong></span> 
     </span>
    </p>
   </div>
   <div class='ocr_carea' id='block_1_19' title="bbox 1776 716 3339 799">
    <p class='ocr_par' dir='ltr' id='par_1_19' title="bbox 1776 716 3339 799">
     <span class='ocr_line' id='line_1_19' title="bbox 1776 716 3339 799; baseline 0.013 -35"><span class='ocrx_word' id='word_1_114' title='bbox 1776 730 1880 779; x_wconf 86' lang='lat' dir='ltr'><strong>que</strong></span> <span class='ocrx_word' id='word_1_115' title='bbox 1940 716 2237 782; x_wconf 83' lang='lat' dir='ltr'><strong>ltebetudo,</strong></span> <span class='ocrx_word' id='word_1_116' title='bbox 2295 722 2433 773; x_wconf 87' lang='lat' dir='ltr'><strong>hanc</strong></span> <span class='ocrx_word' id='word_1_117' title='bbox 2488 726 2582 776; x_wconf 87' lang='lat' dir='ltr'><strong>tibi</strong></span> <span class='ocrx_word' id='word_1_118' title='bbox 2638 728 2929 780; x_wconf 78' lang='lat' dir='ltr'><strong>stultitiam</strong></span> <span class='ocrx_word' id='word_1_119' title='bbox 2990 746 3339 799; x_wconf 71' lang='lat' dir='ltr'><strong>pepererunt.</strong></span> 
     </span>
    </p>
   </div>
   <div class='ocr_carea' id='block_1_20' title="bbox 1782 804 3341 889">
    <p class='ocr_par' dir='ltr' id='par_1_20' title="bbox 1782 804 3341 889">
     <span class='ocr_line' id='line_1_20' title="bbox 1782 804 3341 889; baseline 0.012 -33"><span class='ocrx_word' id='word_1_120' title='bbox 1782 825 1799 856; x_wconf 86' lang='grc'><strong>‹</strong></span> <span class='ocrx_word' id='word_1_121' title='bbox 1837 804 1965 859; x_wconf 82' lang='lat' dir='ltr'><strong>Pete</strong></span> <span class='ocrx_word' id='word_1_122' title='bbox 1995 822 2022 857; x_wconf 88' lang='lat' dir='ltr'><strong>a</strong></span> <span class='ocrx_word' id='word_1_123' title='bbox 2058 824 2140 862; x_wconf 91' lang='lat' dir='ltr'><strong>me</strong></span> <span class='ocrx_word' id='word_1_124' title='bbox 2170 811 2315 878; x_wconf 86' lang='lat' dir='ltr'><strong>quod</strong></span> <span class='ocrx_word' id='word_1_125' title='bbox 2352 814 2610 877; x_wconf 86' lang='lat' dir='ltr'><strong>volueris,</strong></span> <span class='ocrx_word' id='word_1_126' title='bbox 2642 827 2695 869; x_wconf 90' lang='lat' dir='ltr'><strong>ct</strong></span> <span class='ocrx_word' id='word_1_127' title='bbox 2721 817 2862 869; x_wconf 86' lang='lat' dir='ltr'><strong>dabo</strong></span> <span class='ocrx_word' id='word_1_128' title='bbox 2908 820 3024 880; x_wconf 89' lang='lat' dir='ltr'><strong>tibi,</strong></span> <span class='ocrx_word' id='word_1_129' title='bbox 3061 837 3232 889; x_wconf 81' lang='lat' dir='ltr'><strong>usque</strong></span> <span class='ocrx_word' id='word_1_130' title='bbox 3276 823 3341 873; x_wconf 83' lang='lat' dir='ltr'><strong>a-l</strong></span> 
     </span>
    </p>
   </div>
   <div class='ocr_carea' id='block_1_21' title="bbox 1779 896 3343 970">
    <p class='ocr_par' dir='ltr' id='par_1_21' title="bbox 1779 896 3343 970">
     <span class='ocr_line' id='line_1_21' title="bbox 1779 896 3343 970; baseline 0.011 -23"><span class='ocrx_word' id='word_1_131' title='bbox 1779 896 2065 949; x_wconf 88' lang='lat' dir='ltr'><strong>dimidium</strong></span> <span class='ocrx_word' id='word_1_132' title='bbox 2097 901 2243 968; x_wconf 80' lang='lat' dir='ltr'><strong>regni</strong></span> <span class='ocrx_word' id='word_1_133' title='bbox 2293 903 2415 954; x_wconf 89' lang='lat' dir='ltr'><strong>mei.</strong></span> <span class='ocrx_word' id='word_1_134' title='bbox 2473 922 2492 953; x_wconf 76' lang='grc' dir='ltr'><strong>ι</strong></span> <span class='ocrx_word' id='word_1_135' title='bbox 2556 905 2705 959; x_wconf 83' lang='lat' dir='ltr'><strong>Adeo</strong></span> <span class='ocrx_word' id='word_1_136' title='bbox 2775 909 3029 963; x_wconf 85' lang='lat' dir='ltr'><strong>incautus</strong></span> <span class='ocrx_word' id='word_1_137' title='bbox 3071 927 3152 970; x_wconf 84' lang='lat' dir='ltr'><strong>es.</strong></span> <span class='ocrx_word' id='word_1_138' title='bbox 3206 914 3343 965; x_wconf 88' lang='lat' dir='ltr'><strong>adeo</strong></span> 
     </span>
    </p>
   </div>
   <div class='ocr_carea' id='block_1_22' title="bbox 1782 988 3345 1063">
    <p class='ocr_par' dir='ltr' id='par_1_22' title="bbox 1782 988 3345 1063">
     <span class='ocr_line' id='line_1_22' title="bbox 1782 988 3345 1063; baseline 0.013 -23"><span class='ocrx_word' id='word_1_139' title='bbox 1782 988 1917 1041; x_wconf 76' lang='lat' dir='ltr'><strong>levis</strong></span> <span class='ocrx_word' id='word_1_140' title='bbox 1944 996 1998 1041; x_wconf 80' lang='lat' dir='ltr'><strong>et.</strong></span> <span class='ocrx_word' id='word_1_141' title='bbox 2036 988 2239 1054; x_wconf 73' lang='lat' dir='ltr'><strong>facilis,</strong></span> <span class='ocrx_word' id='word_1_142' title='bbox 2266 1001 2324 1044; x_wconf 88' lang='lat' dir='ltr'><strong>ut</strong></span> <span class='ocrx_word' id='word_1_143' title='bbox 2354 1009 2460 1046; x_wconf 87' lang='lat' dir='ltr'><strong>non</strong></span> <span class='ocrx_word' id='word_1_144' title='bbox 2504 1000 2756 1063; x_wconf 83' lang='lat' dir='ltr'><strong>posueris</strong></span> <span class='ocrx_word' id='word_1_145' title='bbox 2787 1004 3006 1054; x_wconf 88' lang='lat' dir='ltr'><strong>modum</strong></span> <span class='ocrx_word' id='word_1_146' title='bbox 3040 1005 3345 1060; x_wconf 78' lang='lat' dir='ltr'><strong>t&#39;aticnilnts</strong></span> 
     </span>
    </p>
   </div>
   <div class='ocr_carea' id='block_1_23' title="bbox 1781 1080 3349 1162">
    <p class='ocr_par' dir='ltr' id='par_1_23' title="bbox 1781 1080 3349 1162">
     <span class='ocr_line' id='line_1_23' title="bbox 1781 1080 3349 1162; baseline 0.01 -32"><span class='ocrx_word' id='word_1_147' title='bbox 1781 1080 1911 1144; x_wconf 81' lang='lat' dir='ltr'><strong>tuis,</strong></span> <span class='ocrx_word' id='word_1_148' title='bbox 1953 1095 2129 1151; x_wconf 81' lang='lat' dir='ltr'><strong>neque</strong></span> <span class='ocrx_word' id='word_1_149' title='bbox 2162 1090 2232 1144; x_wconf 83' lang='lat' dir='ltr'><strong>te,</strong></span> <span class='ocrx_word' id='word_1_150' title='bbox 2269 1084 2412 1152; x_wconf 89' lang='lat' dir='ltr'><strong>quod</strong></span> <span class='ocrx_word' id='word_1_151' title='bbox 2441 1101 2546 1138; x_wconf 89' lang='lat' dir='ltr'><strong>non</strong></span> <span class='ocrx_word' id='word_1_152' title='bbox 2580 1098 2881 1156; x_wconf 86' lang='lat' dir='ltr'><strong>oporteret,</strong></span> <span class='ocrx_word' id='word_1_153' title='bbox 2911 1096 3030 1146; x_wconf 88' lang='lat' dir='ltr'><strong>sine</strong></span> <span class='ocrx_word' id='word_1_154' title='bbox 3068 1097 3349 1162; x_wconf 60' lang='lat' dir='ltr'><strong>prob-atm-</strong></span> 
     </span>
    </p>
   </div>
   <div class='ocr_carea' id='block_1_24' title="bbox 1783 1171 3347 1255">
    <p class='ocr_par' dir='ltr' id='par_1_24' title="bbox 1783 1171 3347 1255">
     <span class='ocr_line' id='line_1_24' title="bbox 1783 1171 3347 1255; baseline 0.012 -33"><span class='ocrx_word' id='word_1_155' title='bbox 1783 1185 1850 1222; x_wconf 88' lang='lat' dir='ltr'><strong>ne</strong></span> <span class='ocrx_word' id='word_1_156' title='bbox 1877 1185 1937 1222; x_wconf 85' lang='lat' dir='ltr'><strong>ac</strong></span> <span class='ocrx_word' id='word_1_157' title='bbox 1961 1171 2170 1238; x_wconf 71' lang='lat' dir='ltr'><strong>judicio</strong></span> <span class='ocrx_word' id='word_1_158' title='bbox 2209 1174 2496 1230; x_wconf 88' lang='lat' dir='ltr'><strong>admittere</strong></span> <span class='ocrx_word' id='word_1_159' title='bbox 2528 1179 2884 1235; x_wconf 77' lang='lat' dir='ltr'><strong>intellexeris.</strong></span> <span class='ocrx_word' id='word_1_160' title='bbox 2916 1184 3213 1239; x_wconf 76' lang='lat' dir='ltr'><strong>Considera</strong></span> <span class='ocrx_word' id='word_1_161' title='bbox 3239 1204 3347 1255; x_wconf 90' lang='lat' dir='ltr'><strong>quo</strong></span> 
     </span>
    </p>
   </div>
   <div class='ocr_carea' id='block_1_25' title="bbox 1783 1261 3348 1344">
    <p class='ocr_par' dir='ltr' id='par_1_25' title="bbox 1783 1261 3348 1344">
     <span class='ocr_line' id='line_1_25' title="bbox 1783 1261 3348 1344; baseline 0.012 -33"><span class='ocrx_word' id='word_1_162' title='bbox 1783 1272 1872 1312; x_wconf 90' lang='lat' dir='ltr'><strong>res</strong></span> <span class='ocrx_word' id='word_1_163' title='bbox 1928 1261 2179 1324; x_wconf 72' lang='lat' dir='ltr'><strong>cesserit,</strong></span> <span class='ocrx_word' id='word_1_164' title='bbox 2216 1273 2266 1315; x_wconf 89' lang='lat' dir='ltr'><strong>et</strong></span> <span class='ocrx_word' id='word_1_165' title='bbox 2310 1279 2471 1332; x_wconf 91' lang='lat' dir='ltr'><strong>quam</strong></span> <span class='ocrx_word' id='word_1_166' title='bbox 2509 1281 2703 1333; x_wconf 87' lang='lat' dir='ltr'><strong>parum</strong></span> <span class='ocrx_word' id='word_1_167' title='bbox 2741 1271 2792 1321; x_wconf 89' lang='lat' dir='ltr'><strong>in</strong></span> <span class='ocrx_word' id='word_1_168' title='bbox 2830 1278 2881 1323; x_wconf 92' lang='lat' dir='ltr'><strong>te</strong></span> <span class='ocrx_word' id='word_1_169' title='bbox 2913 1276 3125 1326; x_wconf 83' lang='lat' dir='ltr'><strong>consilii</strong></span> <span class='ocrx_word' id='word_1_170' title='bbox 3157 1291 3348 1344; x_wconf 69' lang='lat' dir='ltr'><strong>argue-</strong></span> 
     </span>
    </p>
   </div>
   <div class='ocr_carea' id='block_1_26' title="bbox 1783 1348 3345 1433">
    <p class='ocr_par' dir='ltr' id='par_1_26' title="bbox 1783 1348 3345 1433">
     <span class='ocr_line' id='line_1_26' title="bbox 1783 1348 3345 1433; baseline 0.008 -34"><span class='ocrx_word' id='word_1_171' title='bbox 1783 1348 1872 1411; x_wconf 89' lang='lat' dir='ltr'><strong>rit,</strong></span> <span class='ocrx_word' id='word_1_172' title='bbox 1898 1350 2041 1415; x_wconf 89' lang='lat' dir='ltr'><strong>quod</strong></span> <span class='ocrx_word' id='word_1_173' title='bbox 2086 1359 2287 1404; x_wconf 90' lang='lat' dir='ltr'><strong>temere</strong></span> <span class='ocrx_word' id='word_1_174' title='bbox 2318 1353 2614 1420; x_wconf 86' lang='lat' dir='ltr'><strong>juravcris.</strong></span> <span class='ocrx_word' id='word_1_175' title='bbox 2646 1355 2737 1408; x_wconf 90' lang='lat' dir='ltr'><strong>Sie</strong></span> <span class='ocrx_word' id='word_1_176' title='bbox 2761 1368 2938 1411; x_wconf 87' lang='lat' dir='ltr'><strong>autem</strong></span> <span class='ocrx_word' id='word_1_177' title='bbox 2966 1361 3123 1415; x_wconf 77' lang='lat' dir='ltr'><strong>facile</strong></span> <span class='ocrx_word' id='word_1_178' title='bbox 3156 1366 3345 1433; x_wconf 67' lang='lat' dir='ltr'><strong>arripi,</strong></span> 
     </span>
    </p>
   </div>
   <div class='ocr_carea' id='block_1_27' title="bbox 1781 1441 3349 1520">
    <p class='ocr_par' dir='ltr' id='par_1_27' title="bbox 1781 1441 3349 1520">
     <span class='ocr_line' id='line_1_27' title="bbox 1781 1441 3349 1520; baseline 0.011 -31"><span class='ocrx_word' id='word_1_179' title='bbox 1781 1452 1890 1490; x_wconf 89' lang='lat' dir='ltr'><strong>non</strong></span> <span class='ocrx_word' id='word_1_180' title='bbox 1915 1441 2078 1507; x_wconf 62' lang='lat' dir='ltr'><strong>regia?</strong></span> <span class='ocrx_word' id='word_1_181' title='bbox 2105 1444 2308 1496; x_wconf 88' lang='lat' dir='ltr'><strong>mentis</strong></span> <span class='ocrx_word' id='word_1_182' title='bbox 2338 1442 2604 1497; x_wconf 81' lang='lat' dir='ltr'><strong>indicium</strong></span> <span class='ocrx_word' id='word_1_183' title='bbox 2640 1448 2894 1509; x_wconf 78' lang='lat' dir='ltr'><strong>dixerim,</strong></span> <span class='ocrx_word' id='word_1_184' title='bbox 2927 1455 3019 1503; x_wconf 85' lang='lat' dir='ltr'><strong>sed</strong></span> <span class='ocrx_word' id='word_1_185' title='bbox 3068 1454 3349 1520; x_wconf 60' lang='lat' dir='ltr'><strong>profusio-</strong></span> 
     </span>
    </p>
   </div>
   <div class='ocr_carea' id='block_1_28' title="bbox 1780 1533 3349 1611">
    <p class='ocr_par' dir='ltr' id='par_1_28' title="bbox 1780 1533 3349 1611">
     <span class='ocr_line' id='line_1_28' title="bbox 1780 1533 3349 1611; baseline 0.011 -30"><span class='ocrx_word' id='word_1_186' title='bbox 1780 1533 1859 1582; x_wconf 87' lang='lat' dir='ltr'><strong>ris</strong></span> <span class='ocrx_word' id='word_1_187' title='bbox 1894 1533 2166 1596; x_wconf 90' lang='lat' dir='ltr'><strong>impotens</strong></span> <span class='ocrx_word' id='word_1_188' title='bbox 2191 1533 2379 1585; x_wconf 90' lang='lat' dir='ltr'><strong>vilium</strong></span> <span class='ocrx_word' id='word_1_189' title='bbox 2404 1551 2418 1599; x_wconf 87' lang='lat'><strong>;</strong></span> <span class='ocrx_word' id='word_1_190' title='bbox 2448 1537 2536 1588; x_wconf 91' lang='lat' dir='ltr'><strong>cui</strong></span> <span class='ocrx_word' id='word_1_191' title='bbox 2576 1537 2691 1605; x_wconf 88' lang='lat' dir='ltr'><strong>ipse</strong></span> <span class='ocrx_word' id='word_1_192' title='bbox 2720 1540 3023 1606; x_wconf 83' lang='lat' dir='ltr'><strong>subjectus,</strong></span> <span class='ocrx_word' id='word_1_193' title='bbox 3064 1545 3208 1611; x_wconf 89' lang='lat' dir='ltr'><strong>quod</strong></span> <span class='ocrx_word' id='word_1_194' title='bbox 3241 1562 3349 1599; x_wconf 82' lang='lat' dir='ltr'><strong>non</strong></span> 
     </span>
    </p>
   </div>
   <div class='ocr_carea' id='block_1_29' title="bbox 1780 1619 3344 1703">
    <p class='ocr_par' dir='ltr' id='par_1_29' title="bbox 1780 1619 3344 1703">
     <span class='ocr_line' id='line_1_29' title="bbox 1780 1619 3344 1703; baseline 0.012 -30"><span class='ocrx_word' id='word_1_195' title='bbox 1780 1627 1898 1673; x_wconf 86' lang='lat' dir='ltr'><strong>erat</strong></span> <span class='ocrx_word' id='word_1_196' title='bbox 1945 1619 2154 1688; x_wconf 86' lang='lat' dir='ltr'><strong>judicio</strong></span> <span class='ocrx_word' id='word_1_197' title='bbox 2213 1625 2505 1692; x_wconf 89' lang='lat' dir='ltr'><strong>probatum</strong></span> <span class='ocrx_word' id='word_1_198' title='bbox 2541 1630 2858 1698; x_wconf 79' lang='lat' dir='ltr'><strong>suscepisti,</strong></span> <span class='ocrx_word' id='word_1_199' title='bbox 2906 1640 3169 1703; x_wconf 84' lang='lat' dir='ltr'><strong>tanquam</strong></span> <span class='ocrx_word' id='word_1_200' title='bbox 3200 1651 3344 1692; x_wconf 76' lang='lat' dir='ltr'><strong>esset</strong></span> 
     </span>
    </p>
   </div>
   <div class='ocr_carea' id='block_1_30' title="bbox 101 1710 3351 1795">
    <p class='ocr_par' dir='ltr' id='par_1_30' title="bbox 101 1710 3351 1795">
     <span class='ocr_line' id='line_1_30' title="bbox 101 1710 3351 1795; baseline 0.003 -28"><span class='ocrx_word' id='word_1_201' title='bbox 101 1716 311 1784; x_wconf 84' lang='lat' dir='ltr'><strong>judicio</strong></span> <span class='ocrx_word' id='word_1_202' title='bbox 353 1715 657 1783; x_wconf 87' lang='lat' dir='ltr'><strong>probatum.</strong></span> <span class='ocrx_word' id='word_1_203' title='bbox 688 1712 964 1781; x_wconf 79' lang='lat' dir='ltr'><strong>Ejusmodi</strong></span> <span class='ocrx_word' id='word_1_204' title='bbox 1001 1711 1147 1764; x_wconf 85' lang='lat' dir='ltr'><strong>enim</strong></span> <span class='ocrx_word' id='word_1_205' title='bbox 1182 1718 1267 1765; x_wconf 88' lang='lat' dir='ltr'><strong>est</strong></span> <span class='ocrx_word' id='word_1_206' title='bbox 1304 1725 1459 1763; x_wconf 82' lang='lat' dir='ltr'><strong>mens</strong></span> <span class='ocrx_word' id='word_1_207' title='bbox 1491 1710 1670 1764; x_wconf 88' lang='lat' dir='ltr'><strong>omnis</strong></span> <span class='ocrx_word' id='word_1_208' title='bbox 1708 1712 1955 1777; x_wconf 82' lang='lat' dir='ltr'><strong>ell‘renis,</strong></span> <span class='ocrx_word' id='word_1_209' title='bbox 2006 1723 2059 1768; x_wconf 94' lang='lat' dir='ltr'><strong>et</strong></span> <span class='ocrx_word' id='word_1_210' title='bbox 2096 1716 2357 1771; x_wconf 92' lang='lat' dir='ltr'><strong>incautus</strong></span> <span class='ocrx_word' id='word_1_211' title='bbox 2411 1734 2594 1771; x_wconf 87' lang='lat' dir='ltr'><strong>sermo</strong></span> <span class='ocrx_word' id='word_1_212' title='bbox 2626 1761 2639 1781; x_wconf 86' lang='lat'><strong>,</strong></span> <span class='ocrx_word' id='word_1_213' title='bbox 2710 1734 2765 1776; x_wconf 94' lang='lat' dir='ltr'><strong>ut</strong></span> <span class='ocrx_word' id='word_1_214' title='bbox 2798 1740 2903 1776; x_wconf 90' lang='lat' dir='ltr'><strong>non</strong></span> <span class='ocrx_word' id='word_1_215' title='bbox 2950 1727 3075 1779; x_wconf 89' lang='lat' dir='ltr'><strong>boni</strong></span> <span class='ocrx_word' id='word_1_216' title='bbox 3139 1728 3351 1795; x_wconf 85' lang='lat' dir='ltr'><strong>judicio</strong></span> 
     </span>
    </p>
   </div>
   <div class='ocr_carea' id='block_1_31' title="bbox 106 1799 3351 1881">
    <p class='ocr_par' dir='ltr' id='par_1_31' title="bbox 106 1799 3351 1881">
     <span class='ocr_line' id='line_1_31' title="bbox 106 1799 3351 1881; baseline 0.005 -24"><span class='ocrx_word' id='word_1_217' title='bbox 106 1805 471 1871; x_wconf 73' lang='lat' dir='ltr'><strong>cogitationes</strong></span> <span class='ocrx_word' id='word_1_218' title='bbox 534 1803 882 1864; x_wconf 80' lang='lat' dir='ltr'><strong>moderante,</strong></span> <span class='ocrx_word' id='word_1_219' title='bbox 948 1799 1043 1854; x_wconf 86' lang='lat' dir='ltr'><strong>sed</strong></span> <span class='ocrx_word' id='word_1_220' title='bbox 1078 1800 1276 1854; x_wconf 79' lang='lat' dir='ltr'><strong>inclitis</strong></span> <span class='ocrx_word' id='word_1_221' title='bbox 1316 1799 1525 1881; x_wconf 86' lang='lat' dir='ltr'><strong>judicio</strong></span> <span class='ocrx_word' id='word_1_222' title='bbox 1587 1801 1725 1854; x_wconf 88' lang='lat' dir='ltr'>nihil</span> <span class='ocrx_word' id='word_1_223' title='bbox 1792 1803 2139 1872; x_wconf 86' lang='lat' dir='ltr'><strong>prohibente,</strong></span> <span class='ocrx_word' id='word_1_224' title='bbox 2167 1816 2445 1861; x_wconf 81' lang='lat' dir='ltr'><strong>contraria</strong></span> <span class='ocrx_word' id='word_1_225' title='bbox 2480 1809 2661 1874; x_wconf 75' lang='lat' dir='ltr'><strong>faciat,</strong></span> <span class='ocrx_word' id='word_1_226' title='bbox 2691 1814 2909 1867; x_wconf 77' lang='lat' dir='ltr'><strong>Sublato</strong></span> <span class='ocrx_word' id='word_1_227' title='bbox 2943 1832 3105 1870; x_wconf 70' lang='lat' dir='ltr'><strong>sensu</strong></span> <span class='ocrx_word' id='word_1_228' title='bbox 3142 1833 3351 1875; x_wconf 77' lang='lat' dir='ltr'><strong>natura:</strong></span> 
     </span>
    </p>
   </div>
   <div class='ocr_carea' id='block_1_32' title="bbox 105 1892 3285 1973">
    <p class='ocr_par' dir='ltr' id='par_1_32' title="bbox 105 1892 3285 1973">
     <span class='ocr_line' id='line_1_32' title="bbox 105 1892 3285 1973; baseline 0.004 -23"><span class='ocrx_word' id='word_1_229' title='bbox 105 1905 497 1951; x_wconf 81' lang='lat' dir='ltr'><strong>consentaneo.</strong></span> <span class='ocrx_word' id='word_1_230' title='bbox 540 1895 629 1949; x_wconf 91' lang='lat' dir='ltr'><strong>Sic</strong></span> <span class='ocrx_word' id='word_1_231' title='bbox 668 1910 795 1949; x_wconf 87' lang='lat' dir='ltr'><strong>vero</strong></span> <span class='ocrx_word' id='word_1_232' title='bbox 840 1894 1084 1949; x_wconf 85' lang='lat' dir='ltr'><strong>llerodes</strong></span> <span class='ocrx_word' id='word_1_233' title='bbox 1128 1894 1319 1948; x_wconf 81' lang='lat' dir='ltr'><strong>leviter</strong></span> <span class='ocrx_word' id='word_1_234' title='bbox 1348 1907 1413 1947; x_wconf 85' lang='lat' dir='ltr'><strong>ac</strong></span> <span class='ocrx_word' id='word_1_235' title='bbox 1460 1893 1657 1947; x_wconf 86' lang='lat' dir='ltr'><strong>misere</strong></span> <span class='ocrx_word' id='word_1_236' title='bbox 1695 1905 1967 1966; x_wconf 87' lang='lat' dir='ltr'><strong>arreptus,</strong></span> <span class='ocrx_word' id='word_1_237' title='bbox 2016 1898 2278 1953; x_wconf 89' lang='lat' dir='ltr'><strong>miserum</strong></span> <span class='ocrx_word' id='word_1_238' title='bbox 2336 1916 2533 1954; x_wconf 86' lang='lat' dir='ltr'><strong>nomen</strong></span> <span class='ocrx_word' id='word_1_239' title='bbox 2567 1903 2619 1955; x_wconf 88' lang='lat' dir='ltr'><strong>in</strong></span> <span class='ocrx_word' id='word_1_240' title='bbox 2680 1915 3004 1973; x_wconf 85' lang='lat' dir='ltr'><strong>perpetuum</strong></span> <span class='ocrx_word' id='word_1_241' title='bbox 3040 1910 3243 1966; x_wconf 85' lang='lat' dir='ltr'><strong>retulit.</strong></span> <span class='ocrx_word' id='word_1_242' title='bbox 3280 1892 3285 1896; x_wconf 22' lang='lat' dir='ltr'><strong>l</strong></span> 
     </span>
    </p>
   </div>
   <div class='ocr_carea' id='block_1_33' title="bbox 178 2010 1685 2089">
    <p class='ocr_par' dir='ltr' id='par_1_33' title="bbox 178 2010 1677 2083">
     <span class='ocr_line' id='line_1_33' title="bbox 178 2010 1677 2083; baseline -0.003 -16"><span class='ocrx_word' id='word_1_243' title='bbox 178 2015 243 2069; x_wconf 86' lang='grc' dir='ltr'><strong>Τί</strong></span> <span class='ocrx_word' id='word_1_244' title='bbox 275 2015 330 2067; x_wconf 82' lang='grc' dir='ltr'>δὲ</span> <span class='ocrx_word' id='word_1_245' title='bbox 356 2014 415 2067; x_wconf 68' lang='grc' dir='ltr'><strong>τ’)</strong></span> <span class='ocrx_word' id='word_1_246' title='bbox 436 2014 534 2082; x_wconf 80' lang='grc' dir='ltr'>τῆς</span> <span class='ocrx_word' id='word_1_247' title='bbox 595 2013 820 2083; x_wconf 61' lang='grc' dir='ltr'>ἀνομίας</span> <span class='ocrx_word' id='word_1_248' title='bbox 869 2013 1156 2083; x_wconf 80' lang='grc' dir='ltr'>κοράσιον;</span> <span class='ocrx_word' id='word_1_249' title='bbox 1183 2012 1281 2081; x_wconf 84' lang='grc' dir='ltr'>τῆς</span> <span class='ocrx_word' id='word_1_250' title='bbox 1342 2010 1586 2081; x_wconf 77' lang='grc' dir='ltr'><strong>μοιχείας</strong></span> <span class='ocrx_word' id='word_1_251' title='bbox 1617 2010 1677 2063; x_wconf 76' lang='grc' dir='ltr'>τὸ</span> 
     </span>
    </p>
   </div>
   <div class='ocr_carea' id='block_1_34' title="bbox 1791 2010 3352 2089">
    <p class='ocr_par' dir='ltr' id='par_1_34' title="bbox 1848 2015 3352 2089">
     <span class='ocr_line' id='line_1_34' title="bbox 1848 2015 3352 2089; baseline 0.007 -23"><span class='ocrx_word' id='word_1_252' title='bbox 1848 2015 1989 2079; x_wconf 89' lang='lat' dir='ltr'><strong>Quid</strong></span> <span class='ocrx_word' id='word_1_253' title='bbox 2045 2030 2177 2069; x_wconf 89' lang='lat' dir='ltr'><strong>vero</strong></span> <span class='ocrx_word' id='word_1_254' title='bbox 2224 2018 2459 2072; x_wconf 84' lang='lat' dir='ltr'><strong>scelesta</strong></span> <span class='ocrx_word' id='word_1_255' title='bbox 2486 2018 2668 2086; x_wconf 85' lang='lat' dir='ltr'><strong>puella</strong></span> <span class='ocrx_word' id='word_1_256' title='bbox 2700 2020 2723 2071; x_wconf 67' lang='grc' dir='ltr'><strong>ἲ</strong></span> <span class='ocrx_word' id='word_1_257' title='bbox 2760 2020 3023 2075; x_wconf 80' lang='lat' dir='ltr'><strong>adulterii</strong></span> <span class='ocrx_word' id='word_1_258' title='bbox 3059 2038 3187 2078; x_wconf 84' lang='lat' dir='ltr'><strong>esca</strong></span> <span class='ocrx_word' id='word_1_259' title='bbox 3238 2024 3352 2089; x_wconf 86' lang='lat' dir='ltr'><strong>illa,</strong></span> 
     </span>
    </p>
   </div>
   <div class='ocr_carea' id='block_1_35' title="bbox 103 2103 1675 2177">
    <p class='ocr_par' dir='ltr' id='par_1_35' title="bbox 103 2103 1675 2177">
     <span class='ocr_line' id='line_1_35' title="bbox 103 2103 1675 2177; baseline -0.004 -17"><span class='ocrx_word' id='word_1_260' title='bbox 103 2107 297 2177; x_wconf 77' lang='grc' dir='ltr'>δέλεαρ</span> <span class='ocrx_word' id='word_1_261' title='bbox 320 2149 334 2173; x_wconf 90' lang='grc'><strong>,</strong></span> <span class='ocrx_word' id='word_1_262' title='bbox 363 2108 423 2158; x_wconf 78' lang='grc' dir='ltr'>τὸ</span> <span class='ocrx_word' id='word_1_263' title='bbox 445 2106 538 2158; x_wconf 80' lang='grc' dir='ltr'>τοῦ</span> <span class='ocrx_word' id='word_1_264' title='bbox 584 2106 827 2176; x_wconf 77' lang='grc' dir='ltr'>Ἡρώδου</span> <span class='ocrx_word' id='word_1_265' title='bbox 886 2104 1208 2172; x_wconf 72' lang='grc' dir='ltr'>ἄγκιστρονθ</span> <span class='ocrx_word' id='word_1_266' title='bbox 1244 2106 1277 2174; x_wconf 78' lang='grc' dir='ltr'>ἡ</span> <span class='ocrx_word' id='word_1_267' title='bbox 1313 2105 1476 2171; x_wconf 75' lang='grc' dir='ltr'>παγὶς</span> <span class='ocrx_word' id='word_1_268' title='bbox 1498 2103 1582 2170; x_wconf 74' lang='grc' dir='ltr'>ἐφ’</span> <span class='ocrx_word' id='word_1_269' title='bbox 1609 2103 1675 2171; x_wconf 77' lang='grc' dir='ltr'>ῆν</span> 
     </span>
    </p>
   </div>
   <div class='ocr_carea' id='block_1_36' title="bbox 118 2192 1675 2268">
    <p class='ocr_par' dir='ltr' id='par_1_36' title="bbox 118 2192 1675 2268">
     <span class='ocr_line' id='line_1_36' title="bbox 118 2192 1675 2268; baseline -0.004 -18"><span class='ocrx_word' id='word_1_270' title='bbox 118 2200 329 2261; x_wconf 80' lang='grc' dir='ltr'>ἐκεῖνος</span> <span class='ocrx_word' id='word_1_271' title='bbox 398 2197 799 2268; x_wconf 76' lang='grc' dir='ltr'>παρολισθήσας</span> <span class='ocrx_word' id='word_1_272' title='bbox 874 2196 1217 2264; x_wconf 61' lang='grc' dir='ltr'>προσέκοψε,</span> <span class='ocrx_word' id='word_1_273' title='bbox 1270 2195 1363 2245; x_wconf 77' lang='grc' dir='ltr'><strong>καὶ</strong></span> <span class='ocrx_word' id='word_1_274' title='bbox 1420 2192 1675 2263; x_wconf 71' lang='grc' dir='ltr'>θηραθεὶς</span> 
     </span>
    </p>
   </div>
   <div class='ocr_carea' id='block_1_37' title="bbox 104 2283 1678 2358">
    <p class='ocr_par' dir='ltr' id='par_1_37' title="bbox 104 2283 1678 2358">
     <span class='ocr_line' id='line_1_37' title="bbox 104 2283 1678 2358; baseline -0.003 -18"><span class='ocrx_word' id='word_1_275' title='bbox 104 2295 204 2343; x_wconf 74' lang='grc' dir='ltr'>οὐκ</span> <span class='ocrx_word' id='word_1_276' title='bbox 238 2290 520 2358; x_wconf 76' lang='grc' dir='ltr'>ἑξέφυγενς</span> <span class='ocrx_word' id='word_1_277' title='bbox 560 2308 578 2340; x_wconf 79' lang='grc' dir='ltr'><strong>ι</strong></span> <span class='ocrx_word' id='word_1_278' title='bbox 604 2283 790 2352; x_wconf 85' lang='grc' dir='ltr'>Εἶπεν,</span> <span class='ocrx_word' id='word_1_279' title='bbox 843 2288 1028 2355; x_wconf 71' lang='grc' dir='ltr'>φησιν,</span> <span class='ocrx_word' id='word_1_280' title='bbox 1066 2289 1132 2355; x_wconf 77' lang='grc' dir='ltr'>τῇ</span> <span class='ocrx_word' id='word_1_281' title='bbox 1165 2287 1331 2357; x_wconf 77' lang='grc' dir='ltr'>μητρὶ</span> <span class='ocrx_word' id='word_1_282' title='bbox 1384 2286 1581 2355; x_wconf 53' lang='grc' dir='ltr'>αὐτῆς</span> <span class='ocrx_word' id='word_1_283' title='bbox 1614 2285 1678 2336; x_wconf 87' lang='grc' dir='ltr'>Τί</span> 
     </span>
    </p>
   </div>
   <div class='ocr_carea' id='block_1_38' title="bbox 105 2374 1675 2450">
    <p class='ocr_par' dir='ltr' id='par_1_38' title="bbox 105 2374 1675 2450">
     <span class='ocr_line' id='line_1_38' title="bbox 105 2374 1675 2450; baseline -0.001 -18"><span class='ocrx_word' id='word_1_284' title='bbox 105 2382 436 2450; x_wconf 80' lang='grc' dir='ltr'>αἰτήσο’μαι;</span> <span class='ocrx_word' id='word_1_285' title='bbox 478 2381 543 2433; x_wconf 84' lang='grc' dir='ltr'><strong>Ἦ</strong></span> <span class='ocrx_word' id='word_1_286' title='bbox 592 2380 647 2432; x_wconf 84' lang='grc' dir='ltr'>δὲ</span> <span class='ocrx_word' id='word_1_287' title='bbox 701 2378 1129 2450; x_wconf 79' lang='grc' dir='ltr'>προϐιϐασθεῖσα</span> <span class='ocrx_word' id='word_1_288' title='bbox 1170 2418 1184 2440; x_wconf 94' lang='grc'><strong>,</strong></span> <span class='ocrx_word' id='word_1_289' title='bbox 1246 2378 1345 2441; x_wconf 86' lang='grc' dir='ltr'><strong>Δός</strong></span> <span class='ocrx_word' id='word_1_290' title='bbox 1407 2395 1498 2447; x_wconf 88' lang='grc' dir='ltr'>μοι</span> <span class='ocrx_word' id='word_1_291' title='bbox 1542 2374 1675 2441; x_wconf 73' lang='grc' dir='ltr'>ὦδε,</span> 
     </span>
    </p>
   </div>
   <div class='ocr_carea' id='block_1_39' title="bbox 108 2469 1677 2543">
    <p class='ocr_par' dir='ltr' id='par_1_39' title="bbox 108 2469 1677 2543">
     <span class='ocr_line' id='line_1_39' title="bbox 108 2469 1677 2543; baseline -0.003 -18"><span class='ocrx_word' id='word_1_292' title='bbox 108 2474 297 2543; x_wconf 79' lang='grc' dir='ltr'>φησὶν,</span> <span class='ocrx_word' id='word_1_293' title='bbox 321 2472 379 2536; x_wconf 75' lang='grc' dir='ltr'>ἐξ</span> <span class='ocrx_word' id='word_1_294' title='bbox 408 2471 577 2541; x_wconf 77' lang='grc' dir='ltr'>αὐτῆς</span> <span class='ocrx_word' id='word_1_295' title='bbox 607 2471 706 2541; x_wconf 76' lang='grc' dir='ltr'><strong>την</strong></span> <span class='ocrx_word' id='word_1_296' title='bbox 737 2470 978 2540; x_wconf 82' lang='grc' dir='ltr'>κεφαλὴν</span> <span class='ocrx_word' id='word_1_297' title='bbox 1034 2469 1280 2522; x_wconf 71' lang='grc' dir='ltr'>Ἰωάννου</span> <span class='ocrx_word' id='word_1_298' title='bbox 1330 2469 1423 2522; x_wconf 76' lang='grc' dir='ltr'>τοῦ</span> <span class='ocrx_word' id='word_1_299' title='bbox 1472 2469 1677 2521; x_wconf 84' lang='grc' dir='ltr'>Βαπτι-</span> 
     </span>
    </p>
   </div>
   <div class='ocr_carea' id='block_1_40' title="bbox 110 2559 1677 2635">
    <p class='ocr_par' dir='ltr' id='par_1_40' title="bbox 110 2559 1677 2635">
     <span class='ocr_line' id='line_1_40' title="bbox 110 2559 1677 2635; baseline -0.003 -17"><span class='ocrx_word' id='word_1_300' title='bbox 110 2566 260 2619; x_wconf 78' lang='grc' dir='ltr'>στοῦ.</span> <span class='ocrx_word' id='word_1_301' title='bbox 301 2584 319 2616; x_wconf 76' lang='grc' dir='ltr'><strong>ι</strong></span> <span class='ocrx_word' id='word_1_302' title='bbox 370 2565 532 2635; x_wconf 76' lang='grc' dir='ltr'>Ὁρᾷς</span> <span class='ocrx_word' id='word_1_303' title='bbox 566 2564 656 2615; x_wconf 81' lang='grc' dir='ltr'>τὸν</span> <span class='ocrx_word' id='word_1_304' title='bbox 711 2562 1102 2630; x_wconf 67' lang='grc' dir='ltr'>εὒαγγελιστὴν</span> <span class='ocrx_word' id='word_1_305' title='bbox 1144 2559 1351 2631; x_wconf 69' lang='grc' dir='ltr'>τάληθῆ</span> <span class='ocrx_word' id='word_1_306' title='bbox 1398 2560 1677 2630; x_wconf 82' lang='grc' dir='ltr'>πανταχοῦ</span> 
     </span>
    </p>
   </div>
   <div class='ocr_carea' id='block_1_41' title="bbox 110 2652 1681 2728">
    <p class='ocr_par' dir='ltr' id='par_1_41' title="bbox 110 2652 1681 2728">
     <span class='ocr_line' id='line_1_41' title="bbox 110 2652 1681 2728; baseline -0.004 -17"><span class='ocrx_word' id='word_1_307' title='bbox 110 2657 536 2728; x_wconf 73' lang='grc' dir='ltr'>προϊσχόμενονς</span> <span class='ocrx_word' id='word_1_308' title='bbox 567 2656 631 2707; x_wconf 88' lang='grc' dir='ltr'>Τί</span> <span class='ocrx_word' id='word_1_309' title='bbox 661 2655 764 2725; x_wconf 84' lang='grc' dir='ltr'>γάρ</span> <span class='ocrx_word' id='word_1_310' title='bbox 795 2670 998 2724; x_wconf 83' lang='grc' dir='ltr'>φησιν;</span> <span class='ocrx_word' id='word_1_311' title='bbox 1036 2671 1053 2703; x_wconf 82' lang='grc' dir='ltr'><strong>ι</strong></span> <span class='ocrx_word' id='word_1_312' title='bbox 1084 2652 1149 2705; x_wconf 81' lang='grc' dir='ltr'><strong>Ἦ</strong></span> <span class='ocrx_word' id='word_1_313' title='bbox 1179 2652 1235 2704; x_wconf 80' lang='grc' dir='ltr'>δὲ</span> <span class='ocrx_word' id='word_1_314' title='bbox 1276 2653 1544 2722; x_wconf 69' lang='grc' dir='ltr'>Ἡρωδιὰς</span> <span class='ocrx_word' id='word_1_315' title='bbox 1598 2655 1681 2704; x_wconf 78' lang='grc' dir='ltr'>ἐν-</span> 
     </span>
    </p>
   </div>
   <div class='ocr_carea' id='block_1_42' title="bbox 109 2742 1681 2821">
    <p class='ocr_par' dir='ltr' id='par_1_42' title="bbox 109 2742 1681 2821">
     <span class='ocr_line' id='line_1_42' title="bbox 109 2742 1681 2821; baseline -0.004 -20"><span class='ocrx_word' id='word_1_316' title='bbox 109 2753 256 2819; x_wconf 84' lang='grc' dir='ltr'>εῖχεν</span> <span class='ocrx_word' id='word_1_317' title='bbox 300 2747 469 2816; x_wconf 78' lang='grc' dir='ltr'>αὐτῷ,</span> <span class='ocrx_word' id='word_1_318' title='bbox 497 2748 591 2821; x_wconf 71' lang='grc' dir='ltr'><strong>καὶ</strong></span> <span class='ocrx_word' id='word_1_319' title='bbox 622 2745 812 2816; x_wconf 75' lang='grc' dir='ltr'>ἧθελεν</span> <span class='ocrx_word' id='word_1_320' title='bbox 865 2745 1027 2796; x_wconf 75' lang='grc' dir='ltr'>αὑτὸν</span> <span class='ocrx_word' id='word_1_321' title='bbox 1076 2744 1422 2803; x_wconf 81' lang='grc' dir='ltr'>ἀποκτεῖναι,</span> <span class='ocrx_word' id='word_1_322' title='bbox 1458 2742 1551 2794; x_wconf 78' lang='grc' dir='ltr'><strong>καὶ</strong></span> <span class='ocrx_word' id='word_1_323' title='bbox 1580 2743 1681 2794; x_wconf 61' lang='grc' dir='ltr'><strong>οὐκ</strong></span> 
     </span>
    </p>
   </div>
   <div class='ocr_carea' id='block_1_43' title="bbox 109 2834 1678 2910">
    <p class='ocr_par' dir='ltr' id='par_1_43' title="bbox 109 2834 1678 2910">
     <span class='ocr_line' id='line_1_43' title="bbox 109 2834 1678 2910; baseline -0.006 -17"><span class='ocrx_word' id='word_1_324' title='bbox 109 2840 361 2910; x_wconf 59' lang='grc' dir='ltr'><strong>⁴Ιιδύνατο.</strong></span> <span class='ocrx_word' id='word_1_325' title='bbox 416 2840 473 2892; x_wconf 88' lang='grc' dir='ltr'><strong>Ὀ</strong></span> <span class='ocrx_word' id='word_1_326' title='bbox 510 2838 619 2909; x_wconf 83' lang='grc' dir='ltr'><strong>γὰρ</strong></span> <span class='ocrx_word' id='word_1_327' title='bbox 664 2836 910 2906; x_wconf 80' lang='grc' dir='ltr'><strong>Ἡρώδης</strong></span> <span class='ocrx_word' id='word_1_328' title='bbox 944 2834 1191 2902; x_wconf 73' lang='grc' dir='ltr'>ἐφοϐεῖτο</span> <span class='ocrx_word' id='word_1_329' title='bbox 1249 2834 1342 2887; x_wconf 77' lang='grc' dir='ltr'>τὸν</span> <span class='ocrx_word' id='word_1_330' title='bbox 1394 2834 1678 2899; x_wconf 71' lang='grc' dir='ltr'>Ἰωάννην,</span> 
     </span>
    </p>
   </div>
   <div class='ocr_carea' id='block_1_44' title="bbox 107 2925 1683 3000">
    <p class='ocr_par' dir='ltr' id='par_1_44' title="bbox 107 2925 1683 3000">
     <span class='ocr_line' id='line_1_44' title="bbox 107 2925 1683 3000; baseline -0.005 -14"><span class='ocrx_word' id='word_1_331' title='bbox 107 2932 270 2995; x_wconf 72' lang='grc' dir='ltr'>εἰδὼς</span> <span class='ocrx_word' id='word_1_332' title='bbox 302 2932 465 2985; x_wconf 76' lang='grc' dir='ltr'>αὑτὸν</span> <span class='ocrx_word' id='word_1_333' title='bbox 497 2931 664 3000; x_wconf 79' lang='grc' dir='ltr'>ἄνδρα</span> <span class='ocrx_word' id='word_1_334' title='bbox 694 2929 903 2981; x_wconf 81' lang='grc' dir='ltr'>δίκαιον</span> <span class='ocrx_word' id='word_1_335' title='bbox 947 2929 1041 2980; x_wconf 73' lang='grc' dir='ltr'><strong>καὶ</strong></span> <span class='ocrx_word' id='word_1_336' title='bbox 1098 2926 1255 2993; x_wconf 82' lang='grc' dir='ltr'>ἆγιον</span> <span class='ocrx_word' id='word_1_337' title='bbox 1280 2944 1291 2955; x_wconf 89' lang='grc'>·</span> <span class='ocrx_word' id='word_1_338' title='bbox 1328 2929 1423 2979; x_wconf 72' lang='grc' dir='ltr'><strong>καὶ</strong></span> <span class='ocrx_word' id='word_1_339' title='bbox 1468 2925 1683 2979; x_wconf 82' lang='grc' dir='ltr'>ἀκούων</span> 
     </span>
    </p>
   </div>
   <div class='ocr_carea' id='block_1_45' title="bbox 109 3018 1676 3090">
    <p class='ocr_par' dir='ltr' id='par_1_45' title="bbox 109 3018 1676 3090">
     <span class='ocr_line' id='line_1_45' title="bbox 109 3018 1676 3090; baseline -0.004 -13"><span class='ocrx_word' id='word_1_340' title='bbox 109 3024 278 3077; x_wconf 81' lang='grc' dir='ltr'>αὑτοῦ</span> <span class='ocrx_word' id='word_1_341' title='bbox 344 3024 513 3076; x_wconf 76' lang='grc' dir='ltr'>πολλὰ</span> <span class='ocrx_word' id='word_1_342' title='bbox 562 3022 757 3086; x_wconf 87' lang='grc' dir='ltr'>ἐποίει,</span> <span class='ocrx_word' id='word_1_343' title='bbox 814 3021 910 3074; x_wconf 75' lang='grc' dir='ltr'><strong>καὶ</strong></span> <span class='ocrx_word' id='word_1_344' title='bbox 972 3020 1141 3090; x_wconf 78' lang='grc' dir='ltr'>ἡδέως</span> <span class='ocrx_word' id='word_1_345' title='bbox 1194 3018 1356 3071; x_wconf 79' lang='grc' dir='ltr'>αὑτοῦ</span> <span class='ocrx_word' id='word_1_346' title='bbox 1416 3020 1676 3089; x_wconf 70' lang='grc' dir='ltr'>ἤκουεν.»</span> 
     </span>
    </p>
   </div>
   <div class='ocr_carea' id='block_1_46' title="bbox 109 3110 1684 3185">
    <p class='ocr_par' dir='ltr' id='par_1_46' title="bbox 109 3110 1684 3185">
     <span class='ocr_line' id='line_1_46' title="bbox 109 3110 1684 3185; baseline -0.006 -16"><span class='ocrx_word' id='word_1_347' title='bbox 109 3117 341 3179; x_wconf 76' lang='grc' dir='ltr'>Βλέπεις</span> <span class='ocrx_word' id='word_1_348' title='bbox 398 3118 491 3168; x_wconf 74' lang='grc' dir='ltr'><strong>καὶ</strong></span> <span class='ocrx_word' id='word_1_349' title='bbox 541 3116 647 3185; x_wconf 79' lang='grc' dir='ltr'>πρὸ</span> <span class='ocrx_word' id='word_1_350' title='bbox 703 3113 811 3165; x_wconf 84' lang='grc' dir='ltr'>τῶν</span> <span class='ocrx_word' id='word_1_351' title='bbox 869 3114 1050 3183; x_wconf 85' lang='grc' dir='ltr'>ὅρκων</span> <span class='ocrx_word' id='word_1_352' title='bbox 1079 3112 1177 3181; x_wconf 76' lang='grc' dir='ltr'>ήδη</span> <span class='ocrx_word' id='word_1_353' title='bbox 1210 3110 1684 3180; x_wconf 72' lang='grc' dir='ltr'>προσεγκειμὲνην</span> 
     </span>
    </p>
   </div>
   <div class='ocr_carea' id='block_1_47' title="bbox 108 3202 1685 3279">
    <p class='ocr_par' dir='ltr' id='par_1_47' title="bbox 108 3202 1685 3279">
     <span class='ocr_line' id='line_1_47' title="bbox 108 3202 1685 3279; baseline -0.004 -19"><span class='ocrx_word' id='word_1_354' title='bbox 108 3212 175 3279; x_wconf 81' lang='grc' dir='ltr'>τῇ</span> <span class='ocrx_word' id='word_1_355' title='bbox 212 3208 465 3278; x_wconf 78' lang='grc' dir='ltr'>βδελυρᾷ,</span> <span class='ocrx_word' id='word_1_356' title='bbox 494 3207 594 3277; x_wconf 82' lang='grc' dir='ltr'>τὴν</span> <span class='ocrx_word' id='word_1_357' title='bbox 624 3206 763 3259; x_wconf 78' lang='grc' dir='ltr'>κατὰ</span> <span class='ocrx_word' id='word_1_358' title='bbox 792 3203 886 3258; x_wconf 77' lang='grc' dir='ltr'>τοῦ</span> <span class='ocrx_word' id='word_1_359' title='bbox 919 3204 1206 3275; x_wconf 81' lang='grc' dir='ltr'><strong>προφήτου</strong></span> <span class='ocrx_word' id='word_1_360' title='bbox 1239 3202 1685 3273; x_wconf 75' lang='grc' dir='ltr'>φιλαπεχθήμονα</span> 
     </span>
    </p>
   </div>
   <div class='ocr_carea' id='block_1_48' title="bbox 108 3295 1688 3371">
    <p class='ocr_par' dir='ltr' id='par_1_48' title="bbox 108 3295 1688 3371">
     <span class='ocr_line' id='line_1_48' title="bbox 108 3295 1688 3371; baseline -0.005 -17"><span class='ocrx_word' id='word_1_361' title='bbox 108 3301 365 3371; x_wconf 71' lang='grc' dir='ltr'>γνώμην,</span> <span class='ocrx_word' id='word_1_362' title='bbox 395 3300 503 3353; x_wconf 69' lang='grc' dir='ltr'><strong>Καὶ</strong></span> <span class='ocrx_word' id='word_1_363' title='bbox 534 3299 586 3351; x_wconf 85' lang='grc' dir='ltr'><strong>τί</strong></span> <span class='ocrx_word' id='word_1_364' title='bbox 626 3300 830 3367; x_wconf 79' lang='grc' dir='ltr'>ταύτης</span> <span class='ocrx_word' id='word_1_365' title='bbox 888 3297 1281 3365; x_wconf 76' lang='grc' dir='ltr'>ἐναργέστερον</span> <span class='ocrx_word' id='word_1_366' title='bbox 1320 3295 1421 3364; x_wconf 82' lang='grc' dir='ltr'>τῆς</span> <span class='ocrx_word' id='word_1_367' title='bbox 1481 3311 1688 3364; x_wconf 82' lang='grc' dir='ltr'>μαρτυ-</span> 
     </span>
    </p>
   </div>
   <div class='ocr_carea' id='block_1_49' title="bbox 111 3384 1684 3466">
    <p class='ocr_par' dir='ltr' id='par_1_49' title="bbox 111 3384 1684 3466">
     <span class='ocr_line' id='line_1_49' title="bbox 111 3384 1684 3466; baseline -0.004 -23"><span class='ocrx_word' id='word_1_368' title='bbox 111 3396 234 3464; x_wconf 80' lang='grc' dir='ltr'>ρίας</span> <span class='ocrx_word' id='word_1_369' title='bbox 284 3392 482 3466; x_wconf 61' lang='grc' dir='ltr'>γένοιτ’</span> <span class='ocrx_word' id='word_1_370' title='bbox 526 3389 627 3450; x_wconf 83' lang='grc' dir='ltr'><strong>ἄν;</strong></span> <span class='ocrx_word' id='word_1_371' title='bbox 684 3390 800 3462; x_wconf 79' lang='grc' dir='ltr'>Τήν</span> <span class='ocrx_word' id='word_1_372' title='bbox 834 3405 892 3440; x_wconf 88' lang='grc' dir='ltr'><strong>τε</strong></span> <span class='ocrx_word' id='word_1_373' title='bbox 924 3390 1029 3458; x_wconf 78' lang='grc' dir='ltr'>γὰρ</span> <span class='ocrx_word' id='word_1_374' title='bbox 1058 3386 1393 3457; x_wconf 70' lang='grc' dir='ltr'>παρρησίαν,</span> <span class='ocrx_word' id='word_1_375' title='bbox 1451 3385 1544 3438; x_wconf 78' lang='grc' dir='ltr'><strong>καὶ</strong></span> <span class='ocrx_word' id='word_1_376' title='bbox 1594 3384 1684 3436; x_wconf 73' lang='grc' dir='ltr'>τὸν</span> 
     </span>
    </p>
   </div>
   <div class='ocr_carea' id='block_1_50' title="bbox 110 3477 1682 3552">
    <p class='ocr_par' dir='ltr' id='par_1_50' title="bbox 110 3477 1682 3552">
     <span class='ocr_line' id='line_1_50' title="bbox 110 3477 1682 3552; baseline -0.002 -19"><span class='ocrx_word' id='word_1_377' title='bbox 110 3484 294 3552; x_wconf 75' lang='grc' dir='ltr'>ζῆλον,</span> <span class='ocrx_word' id='word_1_378' title='bbox 324 3483 411 3535; x_wconf 68' lang='grc' dir='ltr'><strong>διὰ</strong></span> <span class='ocrx_word' id='word_1_379' title='bbox 440 3483 529 3534; x_wconf 71' lang='grc' dir='ltr'><strong>τὸν</strong></span> <span class='ocrx_word' id='word_1_380' title='bbox 566 3480 699 3550; x_wconf 78' lang='grc' dir='ltr'>πρὸς</span> <span class='ocrx_word' id='word_1_381' title='bbox 727 3478 979 3549; x_wconf 78' lang='grc' dir='ltr'>Ἡρώδην</span> <span class='ocrx_word' id='word_1_382' title='bbox 1038 3478 1259 3547; x_wconf 74' lang='grc' dir='ltr'>ἔλεγχον</span> <span class='ocrx_word' id='word_1_383' title='bbox 1308 3477 1401 3527; x_wconf 81' lang='grc' dir='ltr'><strong>τοῦ</strong></span> <span class='ocrx_word' id='word_1_384' title='bbox 1436 3477 1682 3529; x_wconf 78' lang='grc' dir='ltr'>Ἰωάννου</span> 
     </span>
    </p>
   </div>
   <div class='ocr_carea' id='block_1_51' title="bbox 111 3567 1686 3645">
    <p class='ocr_par' dir='ltr' id='par_1_51' title="bbox 111 3567 1686 3645">
     <span class='ocr_line' id='line_1_51' title="bbox 111 3567 1686 3645; baseline -0.008 -16"><span class='ocrx_word' id='word_1_385' title='bbox 111 3576 433 3645; x_wconf 77' lang='grc' dir='ltr'>παρίστησι,</span> <span class='ocrx_word' id='word_1_386' title='bbox 494 3574 588 3626; x_wconf 70' lang='grc' dir='ltr'><strong>καὶ</strong></span> <span class='ocrx_word' id='word_1_387' title='bbox 621 3572 717 3642; x_wconf 83' lang='grc' dir='ltr'>τὴν</span> <span class='ocrx_word' id='word_1_388' title='bbox 751 3572 857 3624; x_wconf 80' lang='grc' dir='ltr'><strong>ἀπὸ</strong></span> <span class='ocrx_word' id='word_1_389' title='bbox 888 3571 1085 3640; x_wconf 76' lang='grc' dir='ltr'>χρόνου</span> <span class='ocrx_word' id='word_1_390' title='bbox 1119 3569 1263 3622; x_wconf 83' lang='grc' dir='ltr'><strong>κατὰ</strong></span> <span class='ocrx_word' id='word_1_391' title='bbox 1318 3567 1514 3635; x_wconf 81' lang='grc' dir='ltr'>βάθους</span> <span class='ocrx_word' id='word_1_392' title='bbox 1555 3567 1686 3618; x_wconf 77' lang='grc' dir='ltr'>ὑπο-</span> 
     </span>
    </p>
   </div>
   <div class='ocr_carea' id='block_1_52' title="bbox 110 3658 1683 3736">
    <p class='ocr_par' dir='ltr' id='par_1_52' title="bbox 110 3658 1683 3736">
     <span class='ocr_line' id='line_1_52' title="bbox 110 3658 1683 3736; baseline -0.006 -18"><span class='ocrx_word' id='word_1_393' title='bbox 110 3665 453 3736; x_wconf 82' lang='grc' dir='ltr'>τρεφομένην</span> <span class='ocrx_word' id='word_1_394' title='bbox 478 3664 618 3731; x_wconf 79' lang='grc' dir='ltr'>αὐτῇ</span> <span class='ocrx_word' id='word_1_395' title='bbox 663 3660 843 3731; x_wconf 84' lang='grc' dir='ltr'>μῆνιν,</span> <span class='ocrx_word' id='word_1_396' title='bbox 897 3658 988 3711; x_wconf 79' lang='grc' dir='ltr'><strong>ὑπ’</strong></span> <span class='ocrx_word' id='word_1_397' title='bbox 1016 3658 1140 3728; x_wconf 75' lang='grc' dir='ltr'>ὄψιν</span> <span class='ocrx_word' id='word_1_398' title='bbox 1174 3658 1295 3725; x_wconf 83' lang='grc' dir='ltr'>ἄγει</span> <span class='ocrx_word' id='word_1_399' title='bbox 1324 3658 1432 3710; x_wconf 81' lang='grc' dir='ltr'>τῶν</span> <span class='ocrx_word' id='word_1_400' title='bbox 1456 3659 1683 3710; x_wconf 81' lang='grc' dir='ltr'>ἀκουόν-</span> 
     </span>
    </p>
   </div>
   <div class='ocr_carea' id='block_1_53' title="bbox 108 3751 1682 3824">
    <p class='ocr_par' dir='ltr' id='par_1_53' title="bbox 108 3751 1682 3824">
     <span class='ocr_line' id='line_1_53' title="bbox 108 3751 1682 3824; baseline -0.006 -14"><span class='ocrx_word' id='word_1_401' title='bbox 108 3775 238 3810; x_wconf 86' lang='grc' dir='ltr'>των.</span> <span class='ocrx_word' id='word_1_402' title='bbox 273 3755 443 3809; x_wconf 75' lang='grc' dir='ltr'>Τοῦτο</span> <span class='ocrx_word' id='word_1_403' title='bbox 461 3756 504 3787; x_wconf 77' lang='grc'>⁷⁸</span> <span class='ocrx_word' id='word_1_404' title='bbox 560 3755 669 3824; x_wconf 72' lang='grc' dir='ltr'><strong>γὰρ</strong></span> <span class='ocrx_word' id='word_1_405' title='bbox 697 3753 775 3816; x_wconf 74' lang='grc' dir='ltr'>τὸ,</span> <span class='ocrx_word' id='word_1_406' title='bbox 812 3751 1068 3821; x_wconf 83' lang='grc' dir='ltr'>ἐνεῖχεν,</span> <span class='ocrx_word' id='word_1_407' title='bbox 1098 3752 1334 3820; x_wconf 78' lang='grc' dir='ltr'>ὑπάρχει</span> <span class='ocrx_word' id='word_1_408' title='bbox 1388 3766 1682 3819; x_wconf 82' lang='grc' dir='ltr'>προστατι-</span> 
     </span>
    </p>
   </div>
   <div class='ocr_carea' id='block_1_54' title="bbox 110 3840 1683 3917">
    <p class='ocr_par' dir='ltr' id='par_1_54' title="bbox 110 3840 1683 3917">
     <span class='ocr_line' id='line_1_54' title="bbox 110 3840 1683 3917; baseline -0.005 -16"><span class='ocrx_word' id='word_1_409' title='bbox 110 3848 206 3902; x_wconf 77' lang='grc' dir='ltr'>κδν</span> <span class='ocrx_word' id='word_1_410' title='bbox 242 3848 380 3917; x_wconf 73' lang='grc' dir='ltr'>ἅμα,</span> <span class='ocrx_word' id='word_1_411' title='bbox 417 3847 508 3900; x_wconf 75' lang='grc' dir='ltr'>καὶ</span> <span class='ocrx_word' id='word_1_412' title='bbox 538 3844 809 3898; x_wconf 83' lang='grc' dir='ltr'>δει-κτικόν</span> <span class='ocrx_word' id='word_1_413' title='bbox 831 3859 845 3872; x_wconf 88' lang='grc'><strong>·</strong></span> <span class='ocrx_word' id='word_1_414' title='bbox 879 3842 1002 3895; x_wconf 71' lang='grc' dir='ltr'>ἐπεὶ</span> <span class='ocrx_word' id='word_1_415' title='bbox 1027 3842 1119 3895; x_wconf 69' lang='grc' dir='ltr'><strong>καὶ</strong></span> <span class='ocrx_word' id='word_1_416' title='bbox 1146 3840 1230 3905; x_wconf 84' lang='grc' dir='ltr'><strong>τδ,</strong></span> <span class='ocrx_word' id='word_1_417' title='bbox 1261 3843 1371 3895; x_wconf 75' lang='grc' dir='ltr'><strong>οὐκ</strong></span> <span class='ocrx_word' id='word_1_418' title='bbox 1398 3840 1683 3908; x_wconf 75' lang='grc' dir='ltr'>ἠδύνατο,</span> 
     </span>
    </p>
   </div>
   <div class='ocr_carea' id='block_1_55' title="bbox 111 3932 1686 4007">
    <p class='ocr_par' dir='ltr' id='par_1_55' title="bbox 111 3932 1686 4007">
     <span class='ocr_line' id='line_1_55' title="bbox 111 3932 1686 4007; baseline -0.005 -15"><span class='ocrx_word' id='word_1_419' title='bbox 111 3940 392 4005; x_wconf 69' lang='grc' dir='ltr'>ἀπόδειξιν</span> <span class='ocrx_word' id='word_1_420' title='bbox 448 3938 563 4007; x_wconf 77' lang='grc' dir='ltr'>ἔχει</span> <span class='ocrx_word' id='word_1_421' title='bbox 622 3936 720 4006; x_wconf 85' lang='grc' dir='ltr'>τῆς</span> <span class='ocrx_word' id='word_1_422' title='bbox 788 3933 1029 4003; x_wconf 85' lang='grc' dir='ltr'>Ἡρώδου</span> <span class='ocrx_word' id='word_1_423' title='bbox 1084 3934 1219 4003; x_wconf 69' lang='grc' dir='ltr'>πρὸς</span> <span class='ocrx_word' id='word_1_424' title='bbox 1271 3933 1523 4002; x_wconf 71' lang='grc' dir='ltr'>Ἰωάννην</span> <span class='ocrx_word' id='word_1_425' title='bbox 1568 3932 1686 4002; x_wconf 84' lang='grc' dir='ltr'>μετ’</span> 
     </span>
    </p>
   </div>
   <div class='ocr_carea' id='block_1_56' title="bbox 111 4024 1687 4098">
    <p class='ocr_par' dir='ltr' id='par_1_56' title="bbox 111 4024 1687 4098">
     <span class='ocr_line' id='line_1_56' title="bbox 111 4024 1687 4098; baseline -0.005 -13"><span class='ocrx_word' id='word_1_426' title='bbox 111 4030 399 4092; x_wconf 77' lang='grc' dir='ltr'>εὐλαϐείας</span> <span class='ocrx_word' id='word_1_427' title='bbox 433 4030 600 4098; x_wconf 85' lang='grc' dir='ltr'>τιμῆς</span> <span class='ocrx_word' id='word_1_428' title='bbox 626 4046 638 4058; x_wconf 76' lang='grc' dir='ltr'><strong><em>ο</em></strong></span> <span class='ocrx_word' id='word_1_429' title='bbox 670 4028 750 4080; x_wconf 86' lang='grc' dir='ltr'>ὅτι</span> <span class='ocrx_word' id='word_1_430' title='bbox 800 4043 859 4078; x_wconf 86' lang='grc' dir='ltr'><strong>τε</strong></span> <span class='ocrx_word' id='word_1_431' title='bbox 893 4027 1051 4092; x_wconf 84' lang='grc' dir='ltr'>ἆγιον</span> <span class='ocrx_word' id='word_1_432' title='bbox 1110 4026 1205 4077; x_wconf 72' lang='grc' dir='ltr'><strong>καὶ</strong></span> <span class='ocrx_word' id='word_1_433' title='bbox 1263 4024 1468 4077; x_wconf 83' lang='grc' dir='ltr'>δίκαιον</span> <span class='ocrx_word' id='word_1_434' title='bbox 1527 4026 1687 4082; x_wconf 70' lang='grc' dir='ltr'>αὐτὸν</span> 
     </span>
    </p>
   </div>
   <div class='ocr_carea' id='block_1_57' title="bbox 112 4117 1689 4194">
    <p class='ocr_par' dir='ltr' id='par_1_57' title="bbox 112 4117 1689 4194">
     <span class='ocr_line' id='line_1_57' title="bbox 112 4117 1689 4194; baseline -0.006 -17"><span class='ocrx_word' id='word_1_435' title='bbox 112 4119 277 4194; x_wconf 84' lang='grc' dir='ltr'>εἶχεν,</span> <span class='ocrx_word' id='word_1_436' title='bbox 338 4122 431 4174; x_wconf 79' lang='grc' dir='ltr'>καὶ</span> <span class='ocrx_word' id='word_1_437' title='bbox 468 4120 684 4173; x_wconf 83' lang='grc' dir='ltr'>ἁκούων</span> <span class='ocrx_word' id='word_1_438' title='bbox 734 4117 901 4171; x_wconf 73' lang='grc' dir='ltr'>αὑτοῦ</span> <span class='ocrx_word' id='word_1_439' title='bbox 963 4117 1133 4171; x_wconf 83' lang='grc' dir='ltr'>πολλὰ</span> <span class='ocrx_word' id='word_1_440' title='bbox 1164 4119 1358 4173; x_wconf 77' lang='grc' dir='ltr'>ἐποίει.</span> <span class='ocrx_word' id='word_1_441' title='bbox 1392 4119 1486 4169; x_wconf 83' lang='grc' dir='ltr'><strong>καὶ</strong></span> <span class='ocrx_word' id='word_1_442' title='bbox 1518 4117 1689 4187; x_wconf 76' lang='grc' dir='ltr'>ἡδέως</span> 
     </span>
    </p>
   </div>
   <div class='ocr_carea' id='block_1_58' title="bbox 113 4208 1689 4285">
    <p class='ocr_par' dir='ltr' id='par_1_58' title="bbox 113 4208 1689 4285">
     <span class='ocr_line' id='line_1_58' title="bbox 113 4208 1689 4285; baseline -0.006 -17"><span class='ocrx_word' id='word_1_443' title='bbox 113 4214 280 4268; x_wconf 67' lang='grc' dir='ltr'>αὑτοῦ</span> <span class='ocrx_word' id='word_1_444' title='bbox 335 4215 551 4285; x_wconf 74' lang='grc' dir='ltr'>ἡκουεν.</span> <span class='ocrx_word' id='word_1_445' title='bbox 600 4213 660 4264; x_wconf 86' lang='grc' dir='ltr'><strong>Εἰ</strong></span> <span class='ocrx_word' id='word_1_446' title='bbox 702 4212 796 4263; x_wconf 77' lang='grc' dir='ltr'>καὶ</span> <span class='ocrx_word' id='word_1_447' title='bbox 848 4211 943 4280; x_wconf 74' lang='grc' dir='ltr'>ἥδε</span> <span class='ocrx_word' id='word_1_448' title='bbox 967 4209 1075 4263; x_wconf 84' lang='grc' dir='ltr'><strong>τῶν</strong></span> <span class='ocrx_word' id='word_1_449' title='bbox 1112 4209 1224 4262; x_wconf 73' lang='grc' dir='ltr'>ἄνω</span> <span class='ocrx_word' id='word_1_450' title='bbox 1274 4209 1408 4280; x_wconf 83' lang='grc' dir='ltr'>πρὸς</span> <span class='ocrx_word' id='word_1_451' title='bbox 1442 4208 1507 4260; x_wconf 81' lang='grc' dir='ltr'>τὰ</span> <span class='ocrx_word' id='word_1_452' title='bbox 1540 4213 1689 4261; x_wconf 74' lang='grc' dir='ltr'>κάτω</span> 
     </span>
    </p>
   </div>
   <div class='ocr_carea' id='block_1_59' title="bbox 116 4300 1690 4377">
    <p class='ocr_par' dir='ltr' id='par_1_59' title="bbox 116 4300 1690 4377">
     <span class='ocr_line' id='line_1_59' title="bbox 116 4300 1690 4377; baseline -0.003 -20"><span class='ocrx_word' id='word_1_453' title='bbox 116 4307 427 4377; x_wconf 75' lang='grc' dir='ltr'>σύγκρισις,</span> <span class='ocrx_word' id='word_1_454' title='bbox 453 4305 590 4358; x_wconf 75' lang='grc' dir='ltr'>πολὺ</span> <span class='ocrx_word' id='word_1_455' title='bbox 634 4304 771 4373; x_wconf 81' lang='grc' dir='ltr'>πρὸς</span> <span class='ocrx_word' id='word_1_456' title='bbox 802 4304 1005 4371; x_wconf 76' lang='grc' dir='ltr'>ἑαυτὴν</span> <span class='ocrx_word' id='word_1_457' title='bbox 1032 4301 1093 4355; x_wconf 77' lang='grc' dir='ltr'>τὸ</span> <span class='ocrx_word' id='word_1_458' title='bbox 1120 4302 1377 4370; x_wconf 81' lang='grc' dir='ltr'>διάφορον</span> <span class='ocrx_word' id='word_1_459' title='bbox 1410 4300 1524 4370; x_wconf 81' lang='grc' dir='ltr'>ἔχει</span> <span class='ocrx_word' id='word_1_460' title='bbox 1544 4318 1557 4331; x_wconf 72' lang='grc' dir='ltr'><strong>ο</strong></span> <span class='ocrx_word' id='word_1_461' title='bbox 1596 4301 1690 4352; x_wconf 76' lang='grc' dir='ltr'><strong>καὶ</strong></span> 
     </span>
    </p>
   </div>
   <div class='ocr_carea' id='block_1_60' title="bbox 113 4389 1689 4465">
    <p class='ocr_par' dir='ltr' id='par_1_60' title="bbox 113 4389 1689 4465">
     <span class='ocr_line' id='line_1_60' title="bbox 113 4389 1689 4465; baseline -0.006 -14"><span class='ocrx_word' id='word_1_462' title='bbox 113 4401 213 4452; x_wconf 72' lang='grc' dir='ltr'><strong>οὐκ</strong></span> <span class='ocrx_word' id='word_1_463' title='bbox 251 4400 341 4451; x_wconf 84' lang='grc' dir='ltr'><strong>ἴσα</strong></span> <span class='ocrx_word' id='word_1_464' title='bbox 368 4397 437 4448; x_wconf 83' lang='grc' dir='ltr'>τὰ</span> <span class='ocrx_word' id='word_1_465' title='bbox 471 4396 793 4465; x_wconf 75' lang='grc' dir='ltr'>πράγματα,</span> <span class='ocrx_word' id='word_1_466' title='bbox 828 4394 925 4463; x_wconf 78' lang='grc' dir='ltr'>τὴν</span> <span class='ocrx_word' id='word_1_467' title='bbox 951 4393 1125 4455; x_wconf 79' lang='grc' dir='ltr'>ἄλλως</span> <span class='ocrx_word' id='word_1_468' title='bbox 1150 4393 1195 4422; x_wconf 76' lang='grc'><strong>’⁸</strong></span> <span class='ocrx_word' id='word_1_469' title='bbox 1226 4392 1365 4443; x_wconf 79' lang='grc' dir='ltr'>αὐτὰ</span> <span class='ocrx_word' id='word_1_470' title='bbox 1393 4389 1487 4442; x_wconf 79' lang='grc' dir='ltr'>τοῦ</span> <span class='ocrx_word' id='word_1_471' title='bbox 1550 4407 1689 4459; x_wconf 84' lang='grc' dir='ltr'>κρα-</span> 
     </span>
    </p>
   </div>
   <div class='ocr_carea' id='block_1_61' title="bbox 113 4485 1687 4557">
    <p class='ocr_par' dir='ltr' id='par_1_61' title="bbox 113 4485 1687 4557">
     <span class='ocr_line' id='line_1_61' title="bbox 113 4485 1687 4557; baseline -0.004 -13"><span class='ocrx_word' id='word_1_472' title='bbox 113 4493 336 4555; x_wconf 80' lang='grc' dir='ltr'>τοῦντος</span> <span class='ocrx_word' id='word_1_473' title='bbox 394 4489 642 4557; x_wconf 77' lang='grc' dir='ltr'>ἄγοντος.</span> <span class='ocrx_word' id='word_1_474' title='bbox 677 4490 756 4541; x_wconf 77' lang='grc' dir='ltr'>Τὰ</span> <span class='ocrx_word' id='word_1_475' title='bbox 790 4487 891 4557; x_wconf 83' lang='grc' dir='ltr'><strong>μὲν</strong></span> <span class='ocrx_word' id='word_1_476' title='bbox 946 4486 1055 4556; x_wconf 84' lang='grc' dir='ltr'>γὰρ</span> <span class='ocrx_word' id='word_1_477' title='bbox 1106 4485 1341 4555; x_wconf 74' lang='grc' dir='ltr'>πρῶτα·</span> <span class='ocrx_word' id='word_1_478' title='bbox 1399 4485 1687 4556; x_wconf 68' lang='grc' dir='ltr'>παρρησία</span> 
     </span>
    </p>
   </div>
   <div class='ocr_carea' id='block_1_62' title="bbox 116 4577 1691 4651">
    <p class='ocr_par' dir='ltr' id='par_1_62' title="bbox 116 4577 1691 4651">
     <span class='ocr_line' id='line_1_62' title="bbox 116 4577 1691 4651; baseline -0.006 -15"><span class='ocrx_word' id='word_1_479' title='bbox 116 4585 211 4636; x_wconf 74' lang='grc' dir='ltr'><strong>καὶ</strong></span> <span class='ocrx_word' id='word_1_480' title='bbox 260 4582 417 4651; x_wconf 80' lang='grc' dir='ltr'>ζῆλος</span> <span class='ocrx_word' id='word_1_481' title='bbox 444 4599 454 4609; x_wconf 92' lang='grc'><strong>·</strong></span> <span class='ocrx_word' id='word_1_482' title='bbox 482 4581 575 4632; x_wconf 75' lang='grc' dir='ltr'><strong>καὶ</strong></span> <span class='ocrx_word' id='word_1_483' title='bbox 601 4581 837 4648; x_wconf 77' lang='grc' dir='ltr'>ἔλεγχοι,</span> <span class='ocrx_word' id='word_1_484' title='bbox 866 4580 965 4649; x_wconf 74' lang='grc' dir='ltr'>τὴν</span> <span class='ocrx_word' id='word_1_485' title='bbox 988 4578 1082 4631; x_wconf 82' lang='grc' dir='ltr'>τοῦ</span> <span class='ocrx_word' id='word_1_486' title='bbox 1119 4577 1382 4647; x_wconf 79' lang='grc' dir='ltr'>βασιλέως</span> <span class='ocrx_word' id='word_1_487' title='bbox 1418 4578 1691 4647; x_wconf 82' lang='grc' dir='ltr'>ἐπέπλητ-</span> 
     </span>
    </p>
   </div>
   <div class='ocr_carea' id='block_1_63' title="bbox 114 4667 1689 4740">
    <p class='ocr_par' dir='ltr' id='par_1_63' title="bbox 114 4667 1689 4740">
     <span class='ocr_line' id='line_1_63' title="bbox 114 4667 1689 4740; baseline -0.005 -13"><span class='ocrx_word' id='word_1_488' title='bbox 114 4692 208 4727; x_wconf 84' lang='grc' dir='ltr'><strong>τον</strong></span> <span class='ocrx_word' id='word_1_489' title='bbox 252 4675 475 4727; x_wconf 82' lang='grc' dir='ltr'>ἄνοιαν·</span> <span class='ocrx_word' id='word_1_490' title='bbox 546 4670 856 4740; x_wconf 82' lang='grc' dir='ltr'>ἀνομοῦντά</span> <span class='ocrx_word' id='word_1_491' title='bbox 902 4686 960 4722; x_wconf 89' lang='grc' dir='ltr'><strong>τε</strong></span> <span class='ocrx_word' id='word_1_492' title='bbox 1015 4670 1177 4721; x_wconf 74' lang='grc' dir='ltr'>αὐτόν</span> <span class='ocrx_word' id='word_1_493' title='bbox 1212 4685 1224 4697; x_wconf 81' lang='grc'><strong>’</strong></span> <span class='ocrx_word' id='word_1_494' title='bbox 1278 4670 1399 4720; x_wconf 77' lang='grc' dir='ltr'>κατ’</span> <span class='ocrx_word' id='word_1_495' title='bbox 1458 4667 1689 4735; x_wconf 68' lang='grc' dir='ltr'>ἀδελφοῦ</span> 
     </span>
    </p>
   </div>
   <div class='ocr_carea' id='block_1_64' title="bbox 119 4756 1692 4835">
    <p class='ocr_par' dir='ltr' id='par_1_64' title="bbox 119 4756 1692 4835">
     <span class='ocr_line' id='line_1_64' title="bbox 119 4756 1692 4835; baseline -0.006 -17"><span class='ocrx_word' id='word_1_496' title='bbox 119 4765 403 4835; x_wconf 79' lang='grc' dir='ltr'>φανερῶς,</span> <span class='ocrx_word' id='word_1_497' title='bbox 474 4764 571 4833; x_wconf 77' lang='grc' dir='ltr'>τὴν</span> <span class='ocrx_word' id='word_1_498' title='bbox 638 4761 823 4831; x_wconf 84' lang='grc' dir='ltr'>κοίτην</span> <span class='ocrx_word' id='word_1_499' title='bbox 884 4759 1343 4821; x_wconf 81' lang='grc' dir='ltr'>ἐπιϐουλεύοντα,</span> <span class='ocrx_word' id='word_1_500' title='bbox 1416 4756 1692 4826; x_wconf 74' lang='grc' dir='ltr'>προῦργου</span> 
     </span>
    </p>
   </div>
   <div class='ocr_carea' id='block_1_65' title="bbox 116 4848 1695 4927">
    <p class='ocr_par' dir='ltr' id='par_1_65' title="bbox 116 4848 1695 4927">
     <span class='ocr_line' id='line_1_65' title="bbox 116 4848 1695 4927; baseline -0.006 -17"><span class='ocrx_word' id='word_1_501' title='bbox 116 4858 420 4927; x_wconf 73' lang='grc' dir='ltr'>διήλεγχεν.</span> <span class='ocrx_word' id='word_1_502' title='bbox 470 4853 635 4923; x_wconf 77' lang='grc' dir='ltr'>Ὁμοῦ</span> <span class='ocrx_word' id='word_1_503' title='bbox 658 4854 718 4905; x_wconf 85' lang='grc' dir='ltr'>τὸ</span> <span class='ocrx_word' id='word_1_504' title='bbox 745 4852 1020 4913; x_wconf 75' lang='grc' dir='ltr'>διἀίδοῦς</span> <span class='ocrx_word' id='word_1_505' title='bbox 1073 4851 1217 4921; x_wconf 72' lang='grc' dir='ltr'>ἔχειν</span> <span class='ocrx_word' id='word_1_506' title='bbox 1272 4850 1366 4901; x_wconf 78' lang='grc' dir='ltr'>τοῦ</span> <span class='ocrx_word' id='word_1_507' title='bbox 1432 4848 1569 4900; x_wconf 85' lang='grc' dir='ltr'>Θεοῦ</span> <span class='ocrx_word' id='word_1_508' title='bbox 1605 4848 1695 4901; x_wconf 82' lang='grc' dir='ltr'>τὸν</span> 
     </span>
    </p>
   </div>
   <div class='ocr_carea' id='block_1_66' title="bbox 118 4936 1696 5018">
    <p class='ocr_par' dir='ltr' id='par_1_66' title="bbox 118 4936 1696 5018">
     <span class='ocr_line' id='line_1_66' title="bbox 118 4936 1696 5018; baseline -0.005 -17"><span class='ocrx_word' id='word_1_509' title='bbox 118 4952 410 5018; x_wconf 78' lang='grc' dir='ltr'>προφήτην</span> <span class='ocrx_word' id='word_1_510' title='bbox 444 4987 458 5011; x_wconf 91' lang='grc'><strong>,</strong></span> <span class='ocrx_word' id='word_1_511' title='bbox 514 4948 609 5000; x_wconf 81' lang='grc' dir='ltr'>ἆτε</span> <span class='ocrx_word' id='word_1_512' title='bbox 672 4945 879 4998; x_wconf 86' lang='grc' dir='ltr'>δίκαιον</span> <span class='ocrx_word' id='word_1_513' title='bbox 941 4944 1035 4997; x_wconf 72' lang='grc' dir='ltr'><strong>καὶ</strong></span> <span class='ocrx_word' id='word_1_514' title='bbox 1085 4943 1241 5009; x_wconf 77' lang='grc' dir='ltr'>ἅγιον</span> <span class='ocrx_word' id='word_1_515' title='bbox 1308 4942 1493 5013; x_wconf 83' lang='grc' dir='ltr'>χώραν</span> <span class='ocrx_word' id='word_1_516' title='bbox 1552 4936 1696 5012; x_wconf 81' lang='grc' dir='ltr'>εἶχεν</span> 
     </span>
    </p>
   </div>
   <div class='ocr_carea' id='block_1_67' title="bbox 117 5035 1696 5107">
    <p class='ocr_par' dir='ltr' id='par_1_67' title="bbox 117 5035 1696 5107">
     <span class='ocr_line' id='line_1_67' title="bbox 117 5035 1696 5107; baseline -0.006 -13"><span class='ocrx_word' id='word_1_517' title='bbox 117 5040 287 5103; x_wconf 75' lang='grc' dir='ltr'>τέως·</span> <span class='ocrx_word' id='word_1_518' title='bbox 320 5038 390 5091; x_wconf 80' lang='grc' dir='ltr'>τὰ</span> <span class='ocrx_word' id='word_1_519' title='bbox 434 5038 492 5090; x_wconf 83' lang='grc' dir='ltr'>δὲ</span> <span class='ocrx_word' id='word_1_520' title='bbox 551 5038 700 5107; x_wconf 79' lang='grc' dir='ltr'>ἑξῆς,</span> <span class='ocrx_word' id='word_1_521' title='bbox 757 5038 992 5107; x_wconf 82' lang='grc' dir='ltr'>ἀνόμοια</span> <span class='ocrx_word' id='word_1_522' title='bbox 1054 5036 1236 5104; x_wconf 73' lang='grc' dir='ltr'>πάντη</span> <span class='ocrx_word' id='word_1_523' title='bbox 1289 5036 1381 5087; x_wconf 80' lang='grc' dir='ltr'><strong>καὶ</strong></span> <span class='ocrx_word' id='word_1_524' title='bbox 1416 5035 1696 5102; x_wconf 80' lang='grc' dir='ltr'>ἀπεμφαί-</span> 
     </span>
    </p>
   </div>
   <div class='ocr_carea' id='block_1_68' title="bbox 119 5125 1697 5200">
    <p class='ocr_par' dir='ltr' id='par_1_68' title="bbox 119 5125 1697 5200">
     <span class='ocr_line' id='line_1_68' title="bbox 119 5125 1697 5200; baseline -0.004 -17"><span class='ocrx_word' id='word_1_525' title='bbox 119 5146 301 5192; x_wconf 86' lang='grc' dir='ltr'>νοντα,</span> <span class='ocrx_word' id='word_1_526' title='bbox 354 5131 449 5182; x_wconf 70' lang='grc' dir='ltr'><strong>καὶ</strong></span> <span class='ocrx_word' id='word_1_527' title='bbox 502 5128 609 5181; x_wconf 84' lang='grc' dir='ltr'><strong>τῶν</strong></span> <span class='ocrx_word' id='word_1_528' title='bbox 660 5129 942 5200; x_wconf 87' lang='grc' dir='ltr'>προτέρων</span> <span class='ocrx_word' id='word_1_529' title='bbox 988 5127 1143 5180; x_wconf 74' lang='grc' dir='ltr'>οὐδὲν</span> <span class='ocrx_word' id='word_1_530' title='bbox 1187 5126 1308 5179; x_wconf 79' lang='grc' dir='ltr'>κατ’</span> <span class='ocrx_word' id='word_1_531' title='bbox 1339 5126 1528 5179; x_wconf 77' lang='grc' dir='ltr'>οὐδένα</span> <span class='ocrx_word' id='word_1_532' title='bbox 1571 5125 1697 5196; x_wconf 79' lang='grc' dir='ltr'>τρό-</span> 
     </span>
    </p>
   </div>
   <div class='ocr_carea' id='block_1_69' title="bbox 121 5217 1693 5292">
    <p class='ocr_par' dir='ltr' id='par_1_69' title="bbox 121 5217 1693 5292">
     <span class='ocr_line' id='line_1_69' title="bbox 121 5217 1693 5292; baseline -0.004 -17"><span class='ocrx_word' id='word_1_533' title='bbox 121 5238 222 5275; x_wconf 88' lang='grc' dir='ltr'><strong>πον</strong></span> <span class='ocrx_word' id='word_1_534' title='bbox 250 5221 551 5292; x_wconf 76' lang='grc' dir='ltr'>ἐφάμιλλον</span> <span class='ocrx_word' id='word_1_535' title='bbox 598 5221 813 5291; x_wconf 76' lang='grc' dir='ltr'>ἐχοντα.</span> <span class='ocrx_word' id='word_1_536' title='bbox 847 5221 1012 5273; x_wconf 86' lang='grc' dir='ltr'>Ὄτου</span> <span class='ocrx_word' id='word_1_537' title='bbox 1043 5219 1107 5290; x_wconf 80' lang='grc' dir='ltr'>δὴ</span> <span class='ocrx_word' id='word_1_538' title='bbox 1139 5220 1320 5289; x_wconf 80' lang='grc' dir='ltr'>χάριν,</span> <span class='ocrx_word' id='word_1_539' title='bbox 1368 5220 1463 5271; x_wconf 57' lang='grc' dir='ltr'><strong>καὶ¹</strong></span> <span class='ocrx_word' id='word_1_540' title='bbox 1515 5217 1693 5285; x_wconf 77' lang='grc' dir='ltr'>διατίς</span> 
     </span>
    </p>
   </div>
   <div class='ocr_carea' id='block_1_70' title="bbox 132 5309 1695 5385">
    <p class='ocr_par' dir='ltr' id='par_1_70' title="bbox 132 5309 1695 5385">
     <span class='ocr_line' id='line_1_70' title="bbox 132 5309 1695 5385; baseline -0.003 -17"><span class='ocrx_word' id='word_1_541' title='bbox 132 5315 439 5385; x_wconf 79' lang='grc' dir='ltr'>Ἑξετράπη</span> <span class='ocrx_word' id='word_1_542' title='bbox 461 5313 569 5385; x_wconf 84' lang='grc' dir='ltr'>γὰρ</span> <span class='ocrx_word' id='word_1_543' title='bbox 591 5313 837 5376; x_wconf 71' lang='grc' dir='ltr'>οἰνωθεὶς</span> <span class='ocrx_word' id='word_1_544' title='bbox 859 5312 996 5384; x_wconf 84' lang='grc' dir='ltr'>πρὸς</span> <span class='ocrx_word' id='word_1_545' title='bbox 1013 5310 1074 5365; x_wconf 86' lang='grc' dir='ltr'>τὸ</span> <span class='ocrx_word' id='word_1_546' title='bbox 1095 5312 1193 5382; x_wconf 87' lang='grc' dir='ltr'>τῆς</span> <span class='ocrx_word' id='word_1_547' title='bbox 1222 5311 1392 5382; x_wconf 82' lang='grc' dir='ltr'>μέθης</span> <span class='ocrx_word' id='word_1_548' title='bbox 1418 5309 1695 5377; x_wconf 78' lang='grc' dir='ltr'>κοῦφόντε</span> 
     </span>
    </p>
   </div>
   <div class='ocr_carea' id='block_1_71' title="bbox 122 5402 1695 5478">
    <p class='ocr_par' dir='ltr' id='par_1_71' title="bbox 122 5402 1695 5478">
     <span class='ocr_line' id='line_1_71' title="bbox 122 5402 1695 5478; baseline -0.003 -21"><span class='ocrx_word' id='word_1_549' title='bbox 122 5410 219 5462; x_wconf 70' lang='grc' dir='ltr'><strong>καὶ</strong></span> <span class='ocrx_word' id='word_1_550' title='bbox 275 5406 576 5477; x_wconf 78' lang='grc' dir='ltr'>ὑπηνέμιον</span> <span class='ocrx_word' id='word_1_551' title='bbox 628 5406 831 5478; x_wconf 79' lang='grc' dir='ltr'>ἔρυμα,</span> <span class='ocrx_word' id='word_1_552' title='bbox 901 5405 1023 5458; x_wconf 80' lang='grc' dir='ltr'>ὅθεν</span> <span class='ocrx_word' id='word_1_553' title='bbox 1047 5404 1262 5474; x_wconf 73' lang='grc' dir='ltr'>ψυχρᾶς</span> <span class='ocrx_word' id='word_1_554' title='bbox 1297 5402 1504 5455; x_wconf 83' lang='grc' dir='ltr'>εἵνεκεν</span> <span class='ocrx_word' id='word_1_555' title='bbox 1538 5402 1695 5472; x_wconf 75' lang='grc' dir='ltr'>εὐορ-</span> 
     </span>
    </p>
   </div>
   <div class='ocr_carea' id='block_1_72' title="bbox 196 5582 813 5647">
    <p class='ocr_par' dir='ltr' id='par_1_72' title="bbox 196 5582 813 5647">
     <span class='ocr_line' id='line_1_72' title="bbox 196 5582 813 5647; baseline 0.008 -10"><span class='ocrx_word' id='word_1_556' title='bbox 196 5589 221 5620; x_wconf 60' lang='lat'>?</span> <span class='ocrx_word' id='word_1_557' title='bbox 255 5583 423 5639; x_wconf 78' lang='lat' dir='ltr'><strong>Marc.</strong></span> <span class='ocrx_word' id='word_1_558' title='bbox 498 5599 572 5647; x_wconf 86' lang='lat' dir='ltr'><strong>vI,</strong></span> <span class='ocrx_word' id='word_1_559' title='bbox 606 5582 696 5646; x_wconf 78' lang='lat' dir='ltr'><strong>t9,</strong></span> <span class='ocrx_word' id='word_1_560' title='bbox 729 5585 813 5641; x_wconf 73' lang='lat'><strong>20.</strong></span> 
     </span>
    </p>
   </div>
   <div class='ocr_carea' id='block_1_73' title="bbox 1779 2105 3354 2184">
    <p class='ocr_par' dir='ltr' id='par_1_73' title="bbox 1779 2105 3354 2184">
     <span class='ocr_line' id='line_1_73' title="bbox 1779 2105 3354 2184; baseline 0.008 -27"><span class='ocrx_word' id='word_1_561' title='bbox 1779 2105 2012 2161; x_wconf 82' lang='lat' dir='ltr'><strong>Herodis</strong></span> <span class='ocrx_word' id='word_1_562' title='bbox 2045 2108 2271 2172; x_wconf 90' lang='lat' dir='ltr'><strong>hamus,</strong></span> <span class='ocrx_word' id='word_1_563' title='bbox 2314 2110 2543 2178; x_wconf 79' lang='lat' dir='ltr'><strong>laqueus</strong></span> <span class='ocrx_word' id='word_1_564' title='bbox 2591 2111 2644 2163; x_wconf 89' lang='lat' dir='ltr'><strong>in</strong></span> <span class='ocrx_word' id='word_1_565' title='bbox 2697 2127 2856 2180; x_wconf 88' lang='lat' dir='ltr'><strong>quem</strong></span> <span class='ocrx_word' id='word_1_566' title='bbox 2911 2114 3002 2167; x_wconf 91' lang='lat' dir='ltr'><strong>ille</strong></span> <span class='ocrx_word' id='word_1_567' title='bbox 3064 2117 3354 2184; x_wconf 85' lang='lat' dir='ltr'><strong>prolapsus</strong></span> 
     </span>
    </p>
   </div>
   <div class='ocr_carea' id='block_1_74' title="bbox 1778 2199 3353 2273">
    <p class='ocr_par' dir='ltr' id='par_1_74' title="bbox 1778 2199 3353 2273">
     <span class='ocr_line' id='line_1_74' title="bbox 1778 2199 3353 2273; baseline 0.006 -23"><span class='ocrx_word' id='word_1_568' title='bbox 1778 2199 2023 2263; x_wconf 84' lang='lat' dir='ltr'><strong>otl‘endit,</strong></span> <span class='ocrx_word' id='word_1_569' title='bbox 2078 2207 2131 2253; x_wconf 92' lang='lat' dir='ltr'><strong>et</strong></span> <span class='ocrx_word' id='word_1_570' title='bbox 2186 2216 2295 2269; x_wconf 92' lang='lat' dir='ltr'><strong>quo</strong></span> <span class='ocrx_word' id='word_1_571' title='bbox 2346 2210 2542 2270; x_wconf 87' lang='lat' dir='ltr'><strong>captus</strong></span> <span class='ocrx_word' id='word_1_572' title='bbox 2577 2203 2803 2257; x_wconf 88' lang='lat' dir='ltr'><strong>minime</strong></span> <span class='ocrx_word' id='word_1_573' title='bbox 2867 2204 3094 2273; x_wconf 75' lang='grc' dir='ltr'><strong>(επιιεὶιῖ</strong></span> <span class='ocrx_word' id='word_1_574' title='bbox 3125 2226 3142 2258; x_wconf 77' lang='grc' dir='ltr'><strong>ι</strong></span> <span class='ocrx_word' id='word_1_575' title='bbox 3186 2208 3353 2271; x_wconf 75' lang='lat' dir='ltr'><strong>Dixit,</strong></span> 
     </span>
    </p>
   </div>
   <div class='ocr_carea' id='block_1_75' title="bbox 1779 2291 3355 2368">
    <p class='ocr_par' dir='ltr' id='par_1_75' title="bbox 1779 2291 3355 2368">
     <span class='ocr_line' id='line_1_75' title="bbox 1779 2291 3355 2368; baseline 0.005 -24"><span class='ocrx_word' id='word_1_576' title='bbox 1779 2292 1979 2359; x_wconf 86' lang='lat' dir='ltr'><strong>inquit,</strong></span> <span class='ocrx_word' id='word_1_577' title='bbox 2012 2291 2176 2344; x_wconf 88' lang='lat' dir='ltr'><strong>matri</strong></span> <span class='ocrx_word' id='word_1_578' title='bbox 2218 2306 2367 2347; x_wconf 65' lang='lat' dir='ltr'><strong>suae:</strong></span> <span class='ocrx_word' id='word_1_579' title='bbox 2405 2292 2545 2357; x_wconf 86' lang='lat' dir='ltr'><strong>Quid</strong></span> <span class='ocrx_word' id='word_1_580' title='bbox 2584 2296 2801 2363; x_wconf 86' lang='lat' dir='ltr'><strong>petam?</strong></span> <span class='ocrx_word' id='word_1_581' title='bbox 2835 2295 2933 2347; x_wconf 88' lang='lat' dir='ltr'><strong>Illa</strong></span> <span class='ocrx_word' id='word_1_582' title='bbox 2966 2306 3151 2351; x_wconf 79' lang='lat' dir='ltr'><strong>autem</strong></span> <span class='ocrx_word' id='word_1_583' title='bbox 3203 2314 3355 2368; x_wconf 70' lang='lat' dir='ltr'><strong>pra:-</strong></span> 
     </span>
    </p>
   </div>
   <div class='ocr_carea' id='block_1_76' title="bbox 1781 2381 3357 2452">
    <p class='ocr_par' dir='ltr' id='par_1_76' title="bbox 1781 2381 3357 2452">
     <span class='ocr_line' id='line_1_76' title="bbox 1781 2381 3357 2452; baseline 0.005 -18"><span class='ocrx_word' id='word_1_584' title='bbox 1781 2384 1987 2434; x_wconf 88' lang='lat' dir='ltr'><strong>monita</strong></span> <span class='ocrx_word' id='word_1_585' title='bbox 2026 2398 2041 2434; x_wconf 89' lang='lat'><strong>:</strong></span> <span class='ocrx_word' id='word_1_586' title='bbox 2080 2381 2153 2437; x_wconf 87' lang='lat' dir='ltr'><strong>Da</strong></span> <span class='ocrx_word' id='word_1_587' title='bbox 2195 2384 2329 2437; x_wconf 89' lang='lat' dir='ltr'><strong>mihi</strong></span> <span class='ocrx_word' id='word_1_588' title='bbox 2390 2382 2501 2449; x_wconf 89' lang='lat' dir='ltr'><strong>hic,</strong></span> <span class='ocrx_word' id='word_1_589' title='bbox 2574 2384 2776 2452; x_wconf 87' lang='lat' dir='ltr'><strong>inquit,</strong></span> <span class='ocrx_word' id='word_1_590' title='bbox 2846 2387 3031 2440; x_wconf 90' lang='lat' dir='ltr'><strong>statim</strong></span> <span class='ocrx_word' id='word_1_591' title='bbox 3093 2388 3146 2441; x_wconf 91' lang='lat' dir='ltr'><strong>in</strong></span> <span class='ocrx_word' id='word_1_592' title='bbox 3200 2390 3357 2442; x_wconf 84' lang='lat' dir='ltr'><strong>disco</strong></span> 
     </span>
    </p>
   </div>
   <div class='ocr_carea' id='block_1_77' title="bbox 1780 2469 3356 2542">
    <p class='ocr_par' dir='ltr' id='par_1_77' title="bbox 1780 2469 3356 2542">
     <span class='ocr_line' id='line_1_77' title="bbox 1780 2469 3356 2542; baseline 0.005 -20"><span class='ocrx_word' id='word_1_593' title='bbox 1780 2479 1943 2539; x_wconf 88' lang='lat' dir='ltr'><strong>caput</strong></span> <span class='ocrx_word' id='word_1_594' title='bbox 1980 2469 2209 2527; x_wconf 79' lang='lat' dir='ltr'><strong>Joannis</strong></span> <span class='ocrx_word' id='word_1_595' title='bbox 2265 2471 2543 2541; x_wconf 73' lang='lat' dir='ltr'><strong>Baptistze.</strong></span> <span class='ocrx_word' id='word_1_596' title='bbox 2595 2491 2613 2523; x_wconf 73' lang='grc' dir='ltr'><strong>ι</strong></span> <span class='ocrx_word' id='word_1_597' title='bbox 2653 2470 2818 2527; x_wconf 75' lang='lat' dir='ltr'><strong>Vides</strong></span> <span class='ocrx_word' id='word_1_598' title='bbox 2847 2474 3244 2542; x_wconf 73' lang='lat' dir='ltr'><strong>evangelistam</strong></span> <span class='ocrx_word' id='word_1_599' title='bbox 3292 2492 3356 2531; x_wconf 85' lang='lat' dir='ltr'><strong>ea</strong></span> 
     </span>
    </p>
   </div>
   <div class='ocr_carea' id='block_1_78' title="bbox 1783 2564 3355 2631">
    <p class='ocr_par' dir='ltr' id='par_1_78' title="bbox 1783 2564 3355 2631">
     <span class='ocr_line' id='line_1_78' title="bbox 1783 2564 3355 2631; baseline 0.003 -16"><span class='ocrx_word' id='word_1_600' title='bbox 1783 2576 1996 2629; x_wconf 85' lang='lat' dir='ltr'><strong>semper</strong></span> <span class='ocrx_word' id='word_1_601' title='bbox 2049 2579 2172 2631; x_wconf 71' lang='lat' dir='ltr'><strong>qua:</strong></span> <span class='ocrx_word' id='word_1_602' title='bbox 2230 2578 2355 2618; x_wconf 90' lang='lat' dir='ltr'><strong>vera</strong></span> <span class='ocrx_word' id='word_1_603' title='bbox 2412 2574 2541 2619; x_wconf 89' lang='lat' dir='ltr'><strong>sunt</strong></span> <span class='ocrx_word' id='word_1_604' title='bbox 2588 2564 2988 2619; x_wconf 85' lang='lat' dir='ltr'><strong>adducentem?</strong></span> <span class='ocrx_word' id='word_1_605' title='bbox 3033 2568 3175 2631; x_wconf 78' lang='lat' dir='ltr'><strong>Quid</strong></span> <span class='ocrx_word' id='word_1_606' title='bbox 3210 2568 3355 2621; x_wconf 89' lang='lat' dir='ltr'><strong>enim</strong></span> 
     </span>
    </p>
   </div>
   <div class='ocr_carea' id='block_1_79' title="bbox 1783 2652 3361 2722">
    <p class='ocr_par' dir='ltr' id='par_1_79' title="bbox 1783 2652 3361 2722">
     <span class='ocr_line' id='line_1_79' title="bbox 1783 2652 3361 2722; baseline 0.006 -18"><span class='ocrx_word' id='word_1_607' title='bbox 1783 2653 1897 2705; x_wconf 83' lang='lat' dir='ltr'><strong>ait?</strong></span> <span class='ocrx_word' id='word_1_608' title='bbox 1928 2672 1945 2703; x_wconf 80' lang='grc' dir='ltr'><strong>ι</strong></span> <span class='ocrx_word' id='word_1_609' title='bbox 1982 2652 2256 2709; x_wconf 88' lang='lat' dir='ltr'><strong>Herodias</strong></span> <span class='ocrx_word' id='word_1_610' title='bbox 2310 2664 2493 2709; x_wconf 87' lang='lat' dir='ltr'><strong>autem</strong></span> <span class='ocrx_word' id='word_1_611' title='bbox 2531 2657 2579 2710; x_wconf 89' lang='lat' dir='ltr'><strong>ei</strong></span> <span class='ocrx_word' id='word_1_612' title='bbox 2624 2655 3011 2722; x_wconf 84' lang='lat' dir='ltr'><strong>insidiabatur,</strong></span> <span class='ocrx_word' id='word_1_613' title='bbox 3051 2668 3103 2712; x_wconf 91' lang='lat' dir='ltr'><strong>et</strong></span> <span class='ocrx_word' id='word_1_614' title='bbox 3145 2660 3361 2713; x_wconf 88' lang='lat' dir='ltr'><strong>volebat</strong></span> 
     </span>
    </p>
   </div>
   <div class='ocr_carea' id='block_1_80' title="bbox 1794 2743 3360 2813">
    <p class='ocr_par' dir='ltr' id='par_1_80' title="bbox 1794 2743 3360 2813">
     <span class='ocr_line' id='line_1_80' title="bbox 1794 2743 3360 2813; baseline 0.003 -16"><span class='ocrx_word' id='word_1_615' title='bbox 1794 2757 1920 2797; x_wconf 89' lang='lat' dir='ltr'><strong>eum</strong></span> <span class='ocrx_word' id='word_1_616' title='bbox 1963 2743 2242 2807; x_wconf 84' lang='lat' dir='ltr'><strong>occidere,</strong></span> <span class='ocrx_word' id='word_1_617' title='bbox 2269 2759 2370 2797; x_wconf 92' lang='lat' dir='ltr'><strong>nec</strong></span> <span class='ocrx_word' id='word_1_618' title='bbox 2400 2751 2637 2813; x_wconf 85' lang='lat' dir='ltr'><strong>poterat.</strong></span> <span class='ocrx_word' id='word_1_619' title='bbox 2688 2744 2929 2800; x_wconf 90' lang='lat' dir='ltr'><strong>llerodes</strong></span> <span class='ocrx_word' id='word_1_620' title='bbox 2961 2746 3111 2799; x_wconf 88' lang='lat' dir='ltr'><strong>enim</strong></span> <span class='ocrx_word' id='word_1_621' title='bbox 3149 2756 3360 2801; x_wconf 88' lang='lat' dir='ltr'><strong>metue-</strong></span> 
     </span>
    </p>
   </div>
   <div class='ocr_carea' id='block_1_81' title="bbox 1785 2832 3361 2904">
    <p class='ocr_par' dir='ltr' id='par_1_81' title="bbox 1785 2832 3361 2904">
     <span class='ocr_line' id='line_1_81' title="bbox 1785 2832 3361 2904; baseline 0.003 -17"><span class='ocrx_word' id='word_1_622' title='bbox 1785 2834 1877 2887; x_wconf 90' lang='lat' dir='ltr'><strong>bat</strong></span> <span class='ocrx_word' id='word_1_623' title='bbox 1901 2832 2193 2898; x_wconf 88' lang='lat' dir='ltr'><strong>Joannem,</strong></span> <span class='ocrx_word' id='word_1_624' title='bbox 2218 2834 2401 2888; x_wconf 82' lang='lat' dir='ltr'><strong>sciens</strong></span> <span class='ocrx_word' id='word_1_625' title='bbox 2419 2849 2544 2887; x_wconf 87' lang='lat' dir='ltr'><strong>eum</strong></span> <span class='ocrx_word' id='word_1_626' title='bbox 2577 2834 2978 2902; x_wconf 87' lang='lat' dir='ltr'><strong>virmnjustum</strong></span> <span class='ocrx_word' id='word_1_627' title='bbox 3000 2844 3053 2889; x_wconf 89' lang='lat' dir='ltr'><strong>et</strong></span> <span class='ocrx_word' id='word_1_628' title='bbox 3078 2844 3361 2904; x_wconf 80' lang='lat' dir='ltr'><strong>sanctum;</strong></span> 
     </span>
    </p>
   </div>
   <div class='ocr_carea' id='block_1_82' title="bbox 1785 2926 3362 2990">
    <p class='ocr_par' dir='ltr' id='par_1_82' title="bbox 1785 2926 3362 2990">
     <span class='ocr_line' id='line_1_82' title="bbox 1785 2926 3362 2990; baseline 0.001 -9"><span class='ocrx_word' id='word_1_629' title='bbox 1785 2936 1838 2981; x_wconf 88' lang='lat' dir='ltr'><strong>et</strong></span> <span class='ocrx_word' id='word_1_630' title='bbox 1864 2927 2052 2981; x_wconf 86' lang='lat' dir='ltr'><strong>audito</strong></span> <span class='ocrx_word' id='word_1_631' title='bbox 2079 2943 2147 2981; x_wconf 90' lang='lat' dir='ltr'><strong>eo</strong></span> <span class='ocrx_word' id='word_1_632' title='bbox 2174 2927 2341 2980; x_wconf 88' lang='lat' dir='ltr'><strong>multa</strong></span> <span class='ocrx_word' id='word_1_633' title='bbox 2381 2926 2640 2990; x_wconf 80' lang='lat' dir='ltr'><strong>faciebat,</strong></span> <span class='ocrx_word' id='word_1_634' title='bbox 2670 2936 2724 2980; x_wconf 89' lang='lat' dir='ltr'><strong>ct</strong></span> <span class='ocrx_word' id='word_1_635' title='bbox 2756 2928 2984 2982; x_wconf 83' lang='lat' dir='ltr'><strong>libenter</strong></span> <span class='ocrx_word' id='word_1_636' title='bbox 3010 2944 3134 2982; x_wconf 88' lang='lat' dir='ltr'><strong>eum</strong></span> <span class='ocrx_word' id='word_1_637' title='bbox 3170 2928 3362 2983; x_wconf 85' lang='lat' dir='ltr'><strong>audie-</strong></span> 
     </span>
    </p>
   </div>
   <div class='ocr_carea' id='block_1_83' title="bbox 1786 3016 3361 3087">
    <p class='ocr_par' dir='ltr' id='par_1_83' title="bbox 1786 3016 3361 3087">
     <span class='ocr_line' id='line_1_83' title="bbox 1786 3016 3361 3087; baseline 0.003 -16"><span class='ocrx_word' id='word_1_638' title='bbox 1786 3022 1877 3075; x_wconf 92' lang='lat' dir='ltr'><strong>bat</strong></span> <span class='ocrx_word' id='word_1_639' title='bbox 1912 3028 1957 3071; x_wconf 85' lang='grc' dir='ltr'>ι’.</span> <span class='ocrx_word' id='word_1_640' title='bbox 2001 3035 2019 3067; x_wconf 71' lang='grc' dir='ltr'><strong>ι</strong></span> <span class='ocrx_word' id='word_1_641' title='bbox 2064 3016 2231 3072; x_wconf 84' lang='lat' dir='ltr'><strong>Vides</strong></span> <span class='ocrx_word' id='word_1_642' title='bbox 2260 3027 2386 3072; x_wconf 89' lang='lat' dir='ltr'><strong>ante</strong></span> <span class='ocrx_word' id='word_1_643' title='bbox 2410 3017 2575 3071; x_wconf 88' lang='lat' dir='ltr'><strong>etiam</strong></span> <span class='ocrx_word' id='word_1_644' title='bbox 2608 3018 2998 3087; x_wconf 83' lang='lat' dir='ltr'><strong>jusjurandum</strong></span> <span class='ocrx_word' id='word_1_645' title='bbox 3037 3020 3209 3074; x_wconf 81' lang='lat' dir='ltr'><strong>fuisse</strong></span> <span class='ocrx_word' id='word_1_646' title='bbox 3239 3036 3361 3075; x_wconf 86' lang='lat' dir='ltr'><strong>sce-</strong></span> 
     </span>
    </p>
   </div>
   <div class='ocr_carea' id='block_1_84' title="bbox 1787 3107 3364 3180">
    <p class='ocr_par' dir='ltr' id='par_1_84' title="bbox 1787 3107 3364 3180">
     <span class='ocr_line' id='line_1_84' title="bbox 1787 3107 3364 3180; baseline 0 -16"><span class='ocrx_word' id='word_1_647' title='bbox 1787 3111 2013 3164; x_wconf 86' lang='lat' dir='ltr'><strong>leratam</strong></span> <span class='ocrx_word' id='word_1_648' title='bbox 2069 3108 2328 3163; x_wconf 60' lang='lat' dir='ltr'><strong>{cruminam</strong></span> <span class='ocrx_word' id='word_1_649' title='bbox 2393 3107 2614 3162; x_wconf 81' lang='lat' dir='ltr'><strong>infenso</strong></span> <span class='ocrx_word' id='word_1_650' title='bbox 2668 3109 2945 3162; x_wconf 88' lang='lat' dir='ltr'><strong>animoin</strong></span> <span class='ocrx_word' id='word_1_651' title='bbox 2999 3112 3364 3180; x_wconf 83' lang='lat' dir='ltr'><strong>prophetam?</strong></span> 
     </span>
    </p>
   </div>
   <div class='ocr_carea' id='block_1_85' title="bbox 1787 3199 3365 3271">
    <p class='ocr_par' dir='ltr' id='par_1_85' title="bbox 1787 3199 3365 3271">
     <span class='ocr_line' id='line_1_85' title="bbox 1787 3199 3365 3271; baseline 0 -16"><span class='ocrx_word' id='word_1_652' title='bbox 1787 3201 1927 3267; x_wconf 87' lang='lat' dir='ltr'><strong>Quid</strong></span> <span class='ocrx_word' id='word_1_653' title='bbox 1948 3209 2133 3253; x_wconf 88' lang='lat' dir='ltr'><strong>autem</strong></span> <span class='ocrx_word' id='word_1_654' title='bbox 2169 3200 2487 3253; x_wconf 88' lang='lat' dir='ltr'><strong>testimonio</strong></span> <span class='ocrx_word' id='word_1_655' title='bbox 2520 3199 2623 3254; x_wconf 88' lang='lat' dir='ltr'><strong>hoc</strong></span> <span class='ocrx_word' id='word_1_656' title='bbox 2652 3200 2969 3255; x_wconf 80' lang='lat' dir='ltr'><strong>evidentius</strong></span> <span class='ocrx_word' id='word_1_657' title='bbox 2998 3217 3121 3255; x_wconf 87' lang='lat' dir='ltr'><strong>esse</strong></span> <span class='ocrx_word' id='word_1_658' title='bbox 3145 3210 3312 3271; x_wconf 83' lang='lat' dir='ltr'><strong>queat</strong></span> <span class='ocrx_word' id='word_1_659' title='bbox 3338 3201 3365 3256; x_wconf 67' lang='grc' dir='ltr'><em>ἲ</em></span> 
     </span>
    </p>
   </div>
   <div class='ocr_carea' id='block_1_86' title="bbox 1786 3291 3365 3361">
    <p class='ocr_par' dir='ltr' id='par_1_86' title="bbox 1786 3291 3365 3361">
     <span class='ocr_line' id='line_1_86' title="bbox 1786 3291 3365 3361; baseline 0.001 -15"><span class='ocrx_word' id='word_1_660' title='bbox 1786 3292 1921 3347; x_wconf 84' lang='lat' dir='ltr'><strong>Cum</strong></span> <span class='ocrx_word' id='word_1_661' title='bbox 1953 3292 2097 3345; x_wconf 77' lang='lat' dir='ltr'><strong>etiim</strong></span> <span class='ocrx_word' id='word_1_662' title='bbox 2127 3291 2436 3345; x_wconf 86' lang='lat' dir='ltr'><strong>libertatem</strong></span> <span class='ocrx_word' id='word_1_663' title='bbox 2472 3291 2730 3361; x_wconf 75' lang='lat' dir='ltr'><strong>loquendi</strong></span> <span class='ocrx_word' id='word_1_664' title='bbox 2795 3307 2860 3346; x_wconf 88' lang='lat' dir='ltr'><strong>ac</strong></span> <span class='ocrx_word' id='word_1_665' title='bbox 2905 3293 3082 3346; x_wconf 86' lang='lat' dir='ltr'><strong>zelum</strong></span> <span class='ocrx_word' id='word_1_666' title='bbox 3134 3293 3365 3349; x_wconf 82' lang='lat' dir='ltr'><strong>Joannis</strong></span> 
     </span>
    </p>
   </div>
   <div class='ocr_carea' id='block_1_87' title="bbox 1792 3382 3362 3453">
    <p class='ocr_par' dir='ltr' id='par_1_87' title="bbox 1792 3382 3362 3453">
     <span class='ocr_line' id='line_1_87' title="bbox 1792 3382 3362 3453; baseline 0.002 -15"><span class='ocrx_word' id='word_1_667' title='bbox 1792 3384 2031 3439; x_wconf 88' lang='lat' dir='ltr'><strong>ostendit</strong></span> <span class='ocrx_word' id='word_1_668' title='bbox 2056 3422 2070 3445; x_wconf 84' lang='lat'><strong>,</strong></span> <span class='ocrx_word' id='word_1_669' title='bbox 2107 3399 2173 3438; x_wconf 90' lang='lat' dir='ltr'><strong>eo</strong></span> <span class='ocrx_word' id='word_1_670' title='bbox 2209 3383 2353 3452; x_wconf 88' lang='lat' dir='ltr'><strong>quod</strong></span> <span class='ocrx_word' id='word_1_671' title='bbox 2399 3383 2489 3437; x_wconf 90' lang='lat' dir='ltr'><strong>ille</strong></span> <span class='ocrx_word' id='word_1_672' title='bbox 2552 3382 2825 3438; x_wconf 81' lang='lat' dir='ltr'><strong>Herodem</strong></span> <span class='ocrx_word' id='word_1_673' title='bbox 2885 3385 3311 3453; x_wconf 79' lang='lat' dir='ltr'><strong>rrprehenderct</strong></span> <span class='ocrx_word' id='word_1_674' title='bbox 3347 3405 3362 3442; x_wconf 90' lang='lat'><strong>:</strong></span> 
     </span>
    </p>
   </div>
   <div class='ocr_carea' id='block_1_88' title="bbox 1793 3475 3365 3544">
    <p class='ocr_par' dir='ltr' id='par_1_88' title="bbox 1793 3475 3365 3544">
     <span class='ocr_line' id='line_1_88' title="bbox 1793 3475 3365 3544; baseline -0.001 -14"><span class='ocrx_word' id='word_1_675' title='bbox 1793 3486 1905 3530; x_wconf 90' lang='lat' dir='ltr'><strong>tum</strong></span> <span class='ocrx_word' id='word_1_676' title='bbox 1931 3476 2059 3528; x_wconf 89' lang='lat' dir='ltr'><strong>olim</strong></span> <span class='ocrx_word' id='word_1_677' title='bbox 2101 3476 2210 3528; x_wconf 86' lang='lat' dir='ltr'><strong>imo</strong></span> <span class='ocrx_word' id='word_1_678' title='bbox 2245 3484 2469 3544; x_wconf 86' lang='lat' dir='ltr'><strong>pectore</strong></span> <span class='ocrx_word' id='word_1_679' title='bbox 2511 3484 2711 3541; x_wconf 83' lang='lat' dir='ltr'><strong>satam,</strong></span> <span class='ocrx_word' id='word_1_680' title='bbox 2745 3488 2808 3528; x_wconf 89' lang='lat' dir='ltr'><strong>ac</strong></span> <span class='ocrx_word' id='word_1_681' title='bbox 2840 3475 3198 3529; x_wconf 74' lang='lat' dir='ltr'><strong>inveteratam</strong></span> <span class='ocrx_word' id='word_1_682' title='bbox 3246 3494 3365 3529; x_wconf 87' lang='lat' dir='ltr'><strong>nm-</strong></span> 
     </span>
    </p>
   </div>
   <div class='ocr_carea' id='block_1_89' title="bbox 1796 3564 3364 3632">
    <p class='ocr_par' dir='ltr' id='par_1_89' title="bbox 1796 3564 3364 3632">
     <span class='ocr_line' id='line_1_89' title="bbox 1796 3564 3364 3632; baseline 0 -13"><span class='ocrx_word' id='word_1_683' title='bbox 1796 3566 2036 3619; x_wconf 75' lang='lat' dir='ltr'><strong>lierculze</strong></span> <span class='ocrx_word' id='word_1_684' title='bbox 2068 3564 2225 3627; x_wconf 90' lang='lat' dir='ltr'><strong>iram,</strong></span> <span class='ocrx_word' id='word_1_685' title='bbox 2264 3565 2316 3616; x_wconf 90' lang='lat' dir='ltr'><strong>in</strong></span> <span class='ocrx_word' id='word_1_686' title='bbox 2375 3564 2688 3617; x_wconf 83' lang='lat' dir='ltr'><strong>auditurum</strong></span> <span class='ocrx_word' id='word_1_687' title='bbox 2750 3572 3032 3630; x_wconf 80' lang='lat' dir='ltr'><strong>aspectum</strong></span> <span class='ocrx_word' id='word_1_688' title='bbox 3085 3565 3364 3632; x_wconf 83' lang='lat' dir='ltr'><strong>producit.</strong></span> 
     </span>
    </p>
   </div>
   <div class='ocr_carea' id='block_1_90' title="bbox 1795 3655 3363 3724">
    <p class='ocr_par' dir='ltr' id='par_1_90' title="bbox 1795 3655 3363 3724">
     <span class='ocr_line' id='line_1_90' title="bbox 1795 3655 3363 3724; baseline -0.001 -13"><span class='ocrx_word' id='word_1_689' title='bbox 1795 3657 1906 3712; x_wconf 91' lang='lat' dir='ltr'><strong>lloc</strong></span> <span class='ocrx_word' id='word_1_690' title='bbox 1975 3657 2119 3709; x_wconf 86' lang='lat' dir='ltr'><strong>enim</strong></span> <span class='ocrx_word' id='word_1_691' title='bbox 2172 3656 2446 3724; x_wconf 70' lang='lat' dir='ltr'><strong>signiﬁcat</strong></span> <span class='ocrx_word' id='word_1_692' title='bbox 2501 3655 2706 3723; x_wconf 85' lang='lat' dir='ltr'><strong>pariter</strong></span> <span class='ocrx_word' id='word_1_693' title='bbox 2745 3664 2911 3722; x_wconf 79' lang='lat' dir='ltr'><strong>atque</strong></span> <span class='ocrx_word' id='word_1_694' title='bbox 2962 3658 3205 3709; x_wconf 75' lang='lat' dir='ltr'><strong>ostendit</strong></span> <span class='ocrx_word' id='word_1_695' title='bbox 3263 3672 3363 3709; x_wconf 75' lang='lat' dir='ltr'><strong>vox</strong></span> 
     </span>
    </p>
   </div>
   <div class='ocr_carea' id='block_1_91' title="bbox 1795 3744 3368 3812">
    <p class='ocr_par' dir='ltr' id='par_1_91' title="bbox 1795 3744 3368 3812">
     <span class='ocr_line' id='line_1_91' title="bbox 1795 3744 3368 3812; baseline -0.001 -10"><span class='ocrx_word' id='word_1_696' title='bbox 1795 3751 1908 3811; x_wconf 89' lang='lat' dir='ltr'><strong>illa,</strong></span> <span class='ocrx_word' id='word_1_697' title='bbox 1934 3747 2313 3801; x_wconf 82' lang='lat' dir='ltr'><strong>insidiabatur.</strong></span> <span class='ocrx_word' id='word_1_698' title='bbox 2346 3744 2481 3799; x_wconf 74' lang='lat' dir='ltr'><strong>Nam</strong></span> <span class='ocrx_word' id='word_1_699' title='bbox 2502 3756 2553 3799; x_wconf 88' lang='lat' dir='ltr'><strong>et</strong></span> <span class='ocrx_word' id='word_1_700' title='bbox 2575 3745 2731 3803; x_wconf 84' lang='lat' dir='ltr'><strong>illud.</strong></span> <span class='ocrx_word' id='word_1_701' title='bbox 2759 3762 2860 3798; x_wconf 83' lang='lat' dir='ltr'><strong>non</strong></span> <span class='ocrx_word' id='word_1_702' title='bbox 2875 3755 3104 3812; x_wconf 79' lang='lat' dir='ltr'><strong>poterat,</strong></span> <span class='ocrx_word' id='word_1_703' title='bbox 3125 3747 3368 3800; x_wconf 75' lang='lat' dir='ltr'><strong>ostendit</strong></span> 
     </span>
    </p>
   </div>
   <div class='ocr_carea' id='block_1_92' title="bbox 1795 3839 3366 3897">
    <p class='ocr_par' dir='ltr' id='par_1_92' title="bbox 1795 3839 3366 3897">
     <span class='ocr_line' id='line_1_92' title="bbox 1795 3839 3366 3897; baseline -0.003 -1"><span class='ocrx_word' id='word_1_704' title='bbox 1795 3841 2024 3897; x_wconf 90' lang='lat' dir='ltr'><strong>llerodis</strong></span> <span class='ocrx_word' id='word_1_705' title='bbox 2082 3840 2138 3894; x_wconf 92' lang='lat' dir='ltr'><strong>in</strong></span> <span class='ocrx_word' id='word_1_706' title='bbox 2185 3839 2453 3894; x_wconf 85' lang='lat' dir='ltr'><strong>Joannem</strong></span> <span class='ocrx_word' id='word_1_707' title='bbox 2506 3840 2773 3894; x_wconf 82' lang='lat' dir='ltr'><strong>honorem</strong></span> <span class='ocrx_word' id='word_1_708' title='bbox 2847 3850 2896 3894; x_wconf 84' lang='lat' dir='ltr'><strong>et</strong></span> <span class='ocrx_word' id='word_1_709' title='bbox 2954 3839 3366 3893; x_wconf 73' lang='lat' dir='ltr'><strong>reverentiam:</strong></span> 
     </span>
    </p>
   </div>
   <div class='ocr_carea' id='block_1_93' title="bbox 1794 3930 3371 4005">
    <p class='ocr_par' dir='ltr' id='par_1_93' title="bbox 1794 3930 3371 4005">
     <span class='ocr_line' id='line_1_93' title="bbox 1794 3930 3371 4005; baseline -0.004 -16"><span class='ocrx_word' id='word_1_710' title='bbox 1794 3933 1941 4005; x_wconf 90' lang='lat' dir='ltr'><strong>quod</strong></span> <span class='ocrx_word' id='word_1_711' title='bbox 1976 3934 2241 3987; x_wconf 91' lang='lat' dir='ltr'><strong>nimirum</strong></span> <span class='ocrx_word' id='word_1_712' title='bbox 2283 3934 2330 3986; x_wconf 89' lang='lat' dir='ltr'><strong>is</strong></span> <span class='ocrx_word' id='word_1_713' title='bbox 2381 3942 2634 3987; x_wconf 85' lang='lat' dir='ltr'><strong>sanctum</strong></span> <span class='ocrx_word' id='word_1_714' title='bbox 2668 3946 2730 3985; x_wconf 87' lang='lat' dir='ltr'><strong>ac</strong></span> <span class='ocrx_word' id='word_1_715' title='bbox 2756 3932 2970 3999; x_wconf 84' lang='lat' dir='ltr'><strong>justum</strong></span> <span class='ocrx_word' id='word_1_716' title='bbox 3023 3946 3147 3983; x_wconf 87' lang='lat' dir='ltr'><strong>eum</strong></span> <span class='ocrx_word' id='word_1_717' title='bbox 3199 3930 3371 3983; x_wconf 88' lang='lat' dir='ltr'><strong>habe-</strong></span> 
     </span>
    </p>
   </div>
   <div class='ocr_carea' id='block_1_94' title="bbox 1774 4020 3369 4093">
    <p class='ocr_par' dir='ltr' id='par_1_94' title="bbox 1774 4020 3369 4093">
     <span class='ocr_line' id='line_1_94' title="bbox 1774 4020 3369 4093; baseline -0.006 -13"><span class='ocrx_word' id='word_1_718' title='bbox 1774 4036 1900 4091; x_wconf 72' lang='lat' dir='ltr'><strong>ret,</strong></span> <span class='ocrx_word' id='word_1_719' title='bbox 1929 4039 2106 4093; x_wconf 89' lang='lat' dir='ltr'><strong>eoque</strong></span> <span class='ocrx_word' id='word_1_720' title='bbox 2151 4024 2339 4077; x_wconf 89' lang='lat' dir='ltr'><strong>audito</strong></span> <span class='ocrx_word' id='word_1_721' title='bbox 2386 4024 2557 4077; x_wconf 87' lang='lat' dir='ltr'><strong>multa</strong></span> <span class='ocrx_word' id='word_1_722' title='bbox 2606 4022 2834 4085; x_wconf 81' lang='lat' dir='ltr'><strong>faceret,</strong></span> <span class='ocrx_word' id='word_1_723' title='bbox 2872 4036 2935 4074; x_wconf 89' lang='lat' dir='ltr'><strong>ac</strong></span> <span class='ocrx_word' id='word_1_724' title='bbox 2975 4020 3211 4073; x_wconf 86' lang='lat' dir='ltr'><strong>libenter</strong></span> <span class='ocrx_word' id='word_1_725' title='bbox 3244 4034 3369 4073; x_wconf 89' lang='lat' dir='ltr'><strong>eum</strong></span> 
     </span>
    </p>
   </div>
   <div class='ocr_carea' id='block_1_95' title="bbox 1796 4112 3373 4184">
    <p class='ocr_par' dir='ltr' id='par_1_95' title="bbox 1796 4112 3373 4184">
     <span class='ocr_line' id='line_1_95' title="bbox 1796 4112 3373 4184; baseline -0.006 -12"><span class='ocrx_word' id='word_1_726' title='bbox 1796 4118 2030 4172; x_wconf 88' lang='lat' dir='ltr'><strong>audiret.</strong></span> <span class='ocrx_word' id='word_1_727' title='bbox 2091 4115 2415 4184; x_wconf 89' lang='lat' dir='ltr'><strong>Quanquam</strong></span> <span class='ocrx_word' id='word_1_728' title='bbox 2462 4124 2522 4167; x_wconf 92' lang='lat' dir='ltr'><strong>ut</strong></span> <span class='ocrx_word' id='word_1_729' title='bbox 2578 4114 2760 4181; x_wconf 90' lang='lat' dir='ltr'><strong>priora</strong></span> <span class='ocrx_word' id='word_1_730' title='bbox 2822 4128 2949 4166; x_wconf 89' lang='lat' dir='ltr'><strong>cum</strong></span> <span class='ocrx_word' id='word_1_731' title='bbox 3008 4112 3373 4180; x_wconf 84' lang='lat' dir='ltr'><strong>sequentibus</strong></span> 
     </span>
    </p>
   </div>
   <div class='ocr_carea' id='block_1_96' title="bbox 1798 4204 3374 4279">
    <p class='ocr_par' dir='ltr' id='par_1_96' title="bbox 1798 4204 3374 4279">
     <span class='ocr_line' id='line_1_96' title="bbox 1798 4204 3374 4279; baseline -0.008 -14"><span class='ocrx_word' id='word_1_732' title='bbox 1798 4208 2230 4279; x_wconf 88' lang='lat' dir='ltr'><strong>comparaveris,</strong></span> <span class='ocrx_word' id='word_1_733' title='bbox 2288 4221 2544 4273; x_wconf 79' lang='lat' dir='ltr'><strong>magnum</strong></span> <span class='ocrx_word' id='word_1_734' title='bbox 2600 4204 2901 4259; x_wconf 88' lang='lat' dir='ltr'><strong>discrimen</strong></span> <span class='ocrx_word' id='word_1_735' title='bbox 2966 4213 3068 4267; x_wconf 90' lang='lat' dir='ltr'><strong>est,</strong></span> <span class='ocrx_word' id='word_1_736' title='bbox 3130 4217 3229 4255; x_wconf 87' lang='lat' dir='ltr'><strong>nec</strong></span> <span class='ocrx_word' id='word_1_737' title='bbox 3284 4216 3374 4253; x_wconf 74' lang='lat' dir='ltr'><strong>res</strong></span> 
     </span>
    </p>
   </div>
   <div class='ocr_carea' id='block_1_97' title="bbox 1798 4292 3372 4369">
    <p class='ocr_par' dir='ltr' id='par_1_97' title="bbox 1798 4292 3372 4369">
     <span class='ocr_line' id='line_1_97' title="bbox 1798 4292 3372 4369; baseline -0.005 -14"><span class='ocrx_word' id='word_1_738' title='bbox 1798 4310 1927 4357; x_wconf 88' lang='lat' dir='ltr'><strong>sunt</strong></span> <span class='ocrx_word' id='word_1_739' title='bbox 1953 4300 2217 4369; x_wconf 65' lang='lat' dir='ltr'><strong>mquales,</strong></span> <span class='ocrx_word' id='word_1_740' title='bbox 2260 4299 2313 4352; x_wconf 91' lang='lat' dir='ltr'><strong>in</strong></span> <span class='ocrx_word' id='word_1_741' title='bbox 2353 4300 2556 4366; x_wconf 78' lang='lat' dir='ltr'><strong>quibus</strong></span> <span class='ocrx_word' id='word_1_742' title='bbox 2605 4313 2698 4351; x_wconf 84' lang='lat' dir='ltr'><strong>rex</strong></span> <span class='ocrx_word' id='word_1_743' title='bbox 2737 4298 2930 4350; x_wconf 90' lang='lat' dir='ltr'><strong>leviter</strong></span> <span class='ocrx_word' id='word_1_744' title='bbox 2958 4294 3206 4349; x_wconf 79' lang='lat' dir='ltr'><strong>haberet.</strong></span> <span class='ocrx_word' id='word_1_745' title='bbox 3236 4292 3372 4347; x_wconf 78' lang='lat' dir='ltr'><strong>Nam</strong></span> 
     </span>
    </p>
   </div>
   <div class='ocr_carea' id='block_1_98' title="bbox 1798 4387 3375 4463">
    <p class='ocr_par' dir='ltr' id='par_1_98' title="bbox 1798 4387 3375 4463">
     <span class='ocr_line' id='line_1_98' title="bbox 1798 4387 3375 4463; baseline -0.003 -20"><span class='ocrx_word' id='word_1_746' title='bbox 1798 4395 1972 4463; x_wconf 83' lang='lat' dir='ltr'><strong>prima</strong></span> <span class='ocrx_word' id='word_1_747' title='bbox 2002 4391 2262 4461; x_wconf 90' lang='lat' dir='ltr'><strong>quidem,</strong></span> <span class='ocrx_word' id='word_1_748' title='bbox 2305 4406 2501 4459; x_wconf 82' lang='lat' dir='ltr'><strong>nempe</strong></span> <span class='ocrx_word' id='word_1_749' title='bbox 2534 4389 2799 4458; x_wconf 86' lang='lat' dir='ltr'><strong>loquendi</strong></span> <span class='ocrx_word' id='word_1_750' title='bbox 2831 4389 3060 4440; x_wconf 88' lang='lat' dir='ltr'><strong>libertas</strong></span> <span class='ocrx_word' id='word_1_751' title='bbox 3098 4401 3163 4441; x_wconf 87' lang='lat' dir='ltr'><strong>ac</strong></span> <span class='ocrx_word' id='word_1_752' title='bbox 3196 4387 3375 4450; x_wconf 87' lang='lat' dir='ltr'><strong>zelus,</strong></span> 
     </span>
    </p>
   </div>
   <div class='ocr_carea' id='block_1_99' title="bbox 1800 4477 3376 4549">
    <p class='ocr_par' dir='ltr' id='par_1_99' title="bbox 1800 4477 3376 4549">
     <span class='ocr_line' id='line_1_99' title="bbox 1800 4477 3376 4549; baseline -0.004 -15"><span class='ocrx_word' id='word_1_753' title='bbox 1800 4481 2394 4549; x_wconf 86' lang='lat' dir='ltr'><strong>rcprebensionesque,</strong></span> <span class='ocrx_word' id='word_1_754' title='bbox 2447 4479 2592 4547; x_wconf 74' lang='lat' dir='ltr'><strong>regis</strong></span> <span class='ocrx_word' id='word_1_755' title='bbox 2643 4477 3001 4545; x_wconf 85' lang='lat' dir='ltr'><strong>increpabant</strong></span> <span class='ocrx_word' id='word_1_756' title='bbox 3049 4477 3376 4539; x_wconf 86' lang='lat' dir='ltr'><strong>amentiam,</strong></span> 
     </span>
    </p>
   </div>
   <div class='ocr_carea' id='block_1_100' title="bbox 1800 4567 3376 4644">
    <p class='ocr_par' dir='ltr' id='par_1_100' title="bbox 1800 4567 3376 4644">
     <span class='ocr_line' id='line_1_100' title="bbox 1800 4567 3376 4644; baseline -0.006 -16"><span class='ocrx_word' id='word_1_757' title='bbox 1800 4575 2091 4644; x_wconf 85' lang='lat' dir='ltr'><strong>ipsumque</strong></span> <span class='ocrx_word' id='word_1_758' title='bbox 2127 4570 2307 4639; x_wconf 89' lang='lat' dir='ltr'><strong>palam</strong></span> <span class='ocrx_word' id='word_1_759' title='bbox 2360 4569 2630 4624; x_wconf 87' lang='lat' dir='ltr'><strong>adversus</strong></span> <span class='ocrx_word' id='word_1_760' title='bbox 2670 4568 2893 4621; x_wconf 79' lang='lat' dir='ltr'><strong>fratrem</strong></span> <span class='ocrx_word' id='word_1_761' title='bbox 2950 4567 3141 4636; x_wconf 89' lang='lat' dir='ltr'><strong>inique</strong></span> <span class='ocrx_word' id='word_1_762' title='bbox 3191 4582 3376 4635; x_wconf 72' lang='lat' dir='ltr'><strong>agere,</strong></span> 
     </span>
    </p>
   </div>
   <div class='ocr_carea' id='block_1_101' title="bbox 1801 4659 3377 4734">
    <p class='ocr_par' dir='ltr' id='par_1_101' title="bbox 1801 4659 3377 4734">
     <span class='ocr_line' id='line_1_101' title="bbox 1801 4659 3377 4734; baseline -0.004 -17"><span class='ocrx_word' id='word_1_763' title='bbox 1801 4666 1960 4734; x_wconf 79' lang='lat' dir='ltr'><strong>cujus</strong></span> <span class='ocrx_word' id='word_1_764' title='bbox 2020 4663 2187 4717; x_wconf 88' lang='lat' dir='ltr'><strong>cubili</strong></span> <span class='ocrx_word' id='word_1_765' title='bbox 2254 4660 2632 4724; x_wconf 84' lang='lat' dir='ltr'><strong>insidiaretur,</strong></span> <span class='ocrx_word' id='word_1_766' title='bbox 2692 4659 2983 4713; x_wconf 90' lang='lat' dir='ltr'><strong>commode</strong></span> <span class='ocrx_word' id='word_1_767' title='bbox 3045 4660 3377 4728; x_wconf 78' lang='lat' dir='ltr'><strong>arguebant.</strong></span> 
     </span>
    </p>
   </div>
   <div class='ocr_carea' id='block_1_102' title="bbox 1796 4751 3378 4821">
    <p class='ocr_par' dir='ltr' id='par_1_102' title="bbox 1796 4751 3378 4821">
     <span class='ocr_line' id='line_1_102' title="bbox 1796 4751 3378 4821; baseline -0.004 -12"><span class='ocrx_word' id='word_1_768' title='bbox 1796 4756 2073 4810; x_wconf 86' lang='lat' dir='ltr'><strong>llactenus</strong></span> <span class='ocrx_word' id='word_1_769' title='bbox 2102 4766 2285 4808; x_wconf 87' lang='lat' dir='ltr'><strong>tamen</strong></span> <span class='ocrx_word' id='word_1_770' title='bbox 2336 4754 2573 4807; x_wconf 88' lang='lat' dir='ltr'><strong>habebat</strong></span> <span class='ocrx_word' id='word_1_771' title='bbox 2607 4755 2809 4816; x_wconf 89' lang='lat' dir='ltr'><strong>locum,</strong></span> <span class='ocrx_word' id='word_1_772' title='bbox 2839 4761 2899 4805; x_wconf 92' lang='lat' dir='ltr'><strong>ut</strong></span> <span class='ocrx_word' id='word_1_773' title='bbox 2928 4751 3023 4805; x_wconf 86' lang='lat' dir='ltr'><strong>Dei</strong></span> <span class='ocrx_word' id='word_1_774' title='bbox 3057 4754 3378 4821; x_wconf 87' lang='lat' dir='ltr'><strong>prophetam</strong></span> 
     </span>
    </p>
   </div>
   <div class='ocr_carea' id='block_1_103' title="bbox 1797 4846 3381 4914">
    <p class='ocr_par' dir='ltr' id='par_1_103' title="bbox 1797 4846 3381 4914">
     <span class='ocr_line' id='line_1_103' title="bbox 1797 4846 3381 4914; baseline -0.004 -11"><span class='ocrx_word' id='word_1_775' title='bbox 1797 4858 2144 4903; x_wconf 87' lang='lat' dir='ltr'><strong>revereretur</strong></span> <span class='ocrx_word' id='word_1_776' title='bbox 2174 4855 2438 4914; x_wconf 88' lang='lat' dir='ltr'><strong>tanquam</strong></span> <span class='ocrx_word' id='word_1_777' title='bbox 2470 4846 2684 4913; x_wconf 87' lang='lat' dir='ltr'><strong>justum</strong></span> <span class='ocrx_word' id='word_1_778' title='bbox 2727 4858 2790 4897; x_wconf 85' lang='lat' dir='ltr'><strong>ac</strong></span> <span class='ocrx_word' id='word_1_779' title='bbox 2823 4852 3080 4897; x_wconf 87' lang='lat' dir='ltr'><strong>sanctum</strong></span> <span class='ocrx_word' id='word_1_780' title='bbox 3115 4860 3128 4896; x_wconf 89' lang='lat'><strong>:</strong></span> <span class='ocrx_word' id='word_1_781' title='bbox 3169 4853 3221 4895; x_wconf 89' lang='lat' dir='ltr'><strong>at</strong></span> <span class='ocrx_word' id='word_1_782' title='bbox 3256 4859 3381 4912; x_wconf 78' lang='lat' dir='ltr'><strong>qua:</strong></span> 
     </span>
    </p>
   </div>
   <div class='ocr_carea' id='block_1_104' title="bbox 1798 4939 3379 5011">
    <p class='ocr_par' dir='ltr' id='par_1_104' title="bbox 1798 4939 3379 5011">
     <span class='ocr_line' id='line_1_104' title="bbox 1798 4939 3379 5011; baseline -0.004 -15"><span class='ocrx_word' id='word_1_783' title='bbox 1798 4949 2107 5011; x_wconf 85' lang='lat' dir='ltr'><strong>sequuntur</strong></span> <span class='ocrx_word' id='word_1_784' title='bbox 2148 4939 2445 4995; x_wconf 76' lang='lat' dir='ltr'><strong>diSsimilia</strong></span> <span class='ocrx_word' id='word_1_785' title='bbox 2475 4940 2700 4994; x_wconf 83' lang='lat' dir='ltr'><strong>omnino</strong></span> <span class='ocrx_word' id='word_1_786' title='bbox 2725 4955 2788 4993; x_wconf 92' lang='lat' dir='ltr'><strong>ac</strong></span> <span class='ocrx_word' id='word_1_787' title='bbox 2819 4939 3202 5009; x_wconf 82' lang='lat' dir='ltr'><strong>discrepantia</strong></span> <span class='ocrx_word' id='word_1_788' title='bbox 3226 4948 3379 5001; x_wconf 89' lang='lat' dir='ltr'><strong>sunt,</strong></span> 
     </span>
    </p>
   </div>
   <div class='ocr_carea' id='block_1_105' title="bbox 1800 5031 3385 5104">
    <p class='ocr_par' dir='ltr' id='par_1_105' title="bbox 1800 5031 3385 5104">
     <span class='ocr_line' id='line_1_105' title="bbox 1800 5031 3385 5104; baseline -0.003 -15"><span class='ocrx_word' id='word_1_789' title='bbox 1800 5050 1899 5089; x_wconf 90' lang='lat' dir='ltr'><strong>nec</strong></span> <span class='ocrx_word' id='word_1_790' title='bbox 1937 5032 2237 5104; x_wconf 86' lang='lat' dir='ltr'><strong>quidquam</strong></span> <span class='ocrx_word' id='word_1_791' title='bbox 2274 5048 2506 5101; x_wconf 89' lang='lat' dir='ltr'><strong>prorsus</strong></span> <span class='ocrx_word' id='word_1_792' title='bbox 2542 5032 2749 5086; x_wconf 87' lang='lat' dir='ltr'><strong>habent</strong></span> <span class='ocrx_word' id='word_1_793' title='bbox 2780 5032 2923 5101; x_wconf 88' lang='lat' dir='ltr'><strong>quod</strong></span> <span class='ocrx_word' id='word_1_794' title='bbox 2960 5031 3240 5100; x_wconf 87' lang='lat' dir='ltr'><strong>prioribus</strong></span> <span class='ocrx_word' id='word_1_795' title='bbox 3297 5047 3385 5085; x_wconf 89' lang='lat' dir='ltr'><strong>re-</strong></span> 
     </span>
    </p>
   </div>
   <div class='ocr_carea' id='block_1_106' title="bbox 1804 5123 3449 5195">
    <p class='ocr_par' dir='ltr' id='par_1_106' title="bbox 1804 5123 3449 5195">
     <span class='ocr_line' id='line_1_106' title="bbox 1804 5123 3449 5195; baseline -0.003 -15"><span class='ocrx_word' id='word_1_796' title='bbox 1804 5126 2094 5195; x_wconf 82' lang='lat' dir='ltr'><strong>spondeat.</strong></span> <span class='ocrx_word' id='word_1_797' title='bbox 2134 5123 2415 5190; x_wconf 87' lang='lat' dir='ltr'><strong>Quorsum</strong></span> <span class='ocrx_word' id='word_1_798' title='bbox 2469 5138 2623 5186; x_wconf 87' lang='lat' dir='ltr'><strong>vero,</strong></span> <span class='ocrx_word' id='word_1_799' title='bbox 2683 5139 2747 5179; x_wconf 90' lang='lat' dir='ltr'><strong>ac</strong></span> <span class='ocrx_word' id='word_1_800' title='bbox 2792 5138 3035 5192; x_wconf 88' lang='lat' dir='ltr'><strong>quanam</strong></span> <span class='ocrx_word' id='word_1_801' title='bbox 3072 5138 3137 5177; x_wconf 75' lang='lat' dir='ltr'><strong>ex</strong></span> <span class='ocrx_word' id='word_1_802' title='bbox 3171 5123 3386 5177; x_wconf 84' lang='lat' dir='ltr'><strong>causa?</strong></span> <span class='ocrx_word' id='word_1_803' title='bbox 3444 5166 3449 5169; x_wconf 24' lang='grc' dir='ltr'><strong>Α</strong></span> 
     </span>
    </p>
   </div>
   <div class='ocr_carea' id='block_1_107' title="bbox 1804 5212 3383 5284">
    <p class='ocr_par' dir='ltr' id='par_1_107' title="bbox 1804 5212 3383 5284">
     <span class='ocr_line' id='line_1_107' title="bbox 1804 5212 3383 5284; baseline -0.005 -12"><span class='ocrx_word' id='word_1_804' title='bbox 1804 5217 2161 5272; x_wconf 79' lang='lat' dir='ltr'><strong>Temulentus</strong></span> <span class='ocrx_word' id='word_1_805' title='bbox 2194 5218 2365 5283; x_wconf 88' lang='lat' dir='ltr'><strong>enim,</strong></span> <span class='ocrx_word' id='word_1_806' title='bbox 2394 5219 2460 5270; x_wconf 85' lang='lat' dir='ltr'><strong>ad</strong></span> <span class='ocrx_word' id='word_1_807' title='bbox 2493 5216 2612 5271; x_wconf 89' lang='lat' dir='ltr'><strong>leve</strong></span> <span class='ocrx_word' id='word_1_808' title='bbox 2642 5230 2707 5270; x_wconf 88' lang='lat' dir='ltr'><strong>ac</strong></span> <span class='ocrx_word' id='word_1_809' title='bbox 2749 5212 3013 5268; x_wconf 77' lang='lat' dir='ltr'><strong>frivolum</strong></span> <span class='ocrx_word' id='word_1_810' title='bbox 3063 5229 3383 5284; x_wconf 78' lang='lat' dir='ltr'><strong>propugna-</strong></span> 
     </span>
    </p>
   </div>
   <div class='ocr_carea' id='block_1_108' title="bbox 1804 5307 3385 5377">
    <p class='ocr_par' dir='ltr' id='par_1_108' title="bbox 1804 5307 3385 5377">
     <span class='ocr_line' id='line_1_108' title="bbox 1804 5307 3385 5377; baseline -0.001 -15"><span class='ocrx_word' id='word_1_811' title='bbox 1804 5310 1991 5366; x_wconf 88' lang='lat' dir='ltr'><strong>culum</strong></span> <span class='ocrx_word' id='word_1_812' title='bbox 2037 5309 2323 5364; x_wconf 89' lang='lat' dir='ltr'><strong>ebrietatis</strong></span> <span class='ocrx_word' id='word_1_813' title='bbox 2360 5324 2483 5365; x_wconf 81' lang='lat' dir='ltr'><strong>sese</strong></span> <span class='ocrx_word' id='word_1_814' title='bbox 2529 5308 2808 5364; x_wconf 84' lang='lat' dir='ltr'><strong>convertit</strong></span> <span class='ocrx_word' id='word_1_815' title='bbox 2841 5325 2854 5360; x_wconf 90' lang='lat'>:</span> <span class='ocrx_word' id='word_1_816' title='bbox 2912 5322 3026 5377; x_wconf 87' lang='lat' dir='ltr'><strong>quo</strong></span> <span class='ocrx_word' id='word_1_817' title='bbox 3060 5307 3265 5361; x_wconf 82' lang='lat' dir='ltr'><strong>factum</strong></span> <span class='ocrx_word' id='word_1_818' title='bbox 3299 5317 3385 5361; x_wconf 84' lang='lat' dir='ltr'><strong>est</strong></span> 
     </span>
    </p>
   </div>
   <div class='ocr_carea' id='block_1_109' title="bbox 1806 5399 3387 5473">
    <p class='ocr_par' dir='ltr' id='par_1_109' title="bbox 1806 5399 3387 5473">
     <span class='ocr_line' id='line_1_109' title="bbox 1806 5399 3387 5473; baseline -0.004 -16"><span class='ocrx_word' id='word_1_819' title='bbox 1806 5411 1865 5457; x_wconf 91' lang='lat' dir='ltr'><strong>ut</strong></span> <span class='ocrx_word' id='word_1_820' title='bbox 1910 5410 2140 5473; x_wconf 86' lang='lat' dir='ltr'><strong>propter</strong></span> <span class='ocrx_word' id='word_1_821' title='bbox 2169 5402 2431 5472; x_wconf 77' lang='lat' dir='ltr'><strong>frigidum</strong></span> <span class='ocrx_word' id='word_1_822' title='bbox 2464 5400 2894 5472; x_wconf 86' lang='lat' dir='ltr'><strong>jusjurandum,</strong></span> <span class='ocrx_word' id='word_1_823' title='bbox 2927 5408 2983 5456; x_wconf 93' lang='lat' dir='ltr'><strong>et</strong></span> <span class='ocrx_word' id='word_1_824' title='bbox 3016 5399 3387 5455; x_wconf 83' lang='lat' dir='ltr'><strong>convivarum</strong></span> 
     </span>
    </p>
   </div>
   <div class='ocr_carea' id='block_1_110' title="bbox 1378 5730 2055 5788">
    <p class='ocr_par' dir='ltr' id='par_1_110' title="bbox 1378 5730 2055 5788">
     <span class='ocr_line' id='line_1_110' title="bbox 1378 5730 2055 5788; baseline 0.001 -1"><span class='ocrx_word' id='word_1_825' title='bbox 1378 5731 1616 5787; x_wconf 66' lang='lat' dir='ltr'><strong>VARLE</strong></span> <span class='ocrx_word' id='word_1_826' title='bbox 1649 5730 2055 5788; x_wconf 69' lang='lat' dir='ltr'><strong>LECTIONES.</strong></span> 
     </span>
    </p>
   </div>
   <div class='ocr_carea' id='block_1_111' title="bbox 204 5828 1197 5902">
    <p class='ocr_par' dir='ltr' id='par_1_111' title="bbox 204 5828 1197 5902">
     <span class='ocr_line' id='line_1_111' title="bbox 204 5828 1197 5902; baseline -0.004 -14"><span class='ocrx_word' id='word_1_827' title='bbox 204 5832 252 5864; x_wconf 80' lang='lat'>&quot;</span> <span class='ocrx_word' id='word_1_828' title='bbox 276 5850 363 5902; x_wconf 75' lang='grc' dir='ltr'><strong>γρ.</strong></span> <span class='ocrx_word' id='word_1_829' title='bbox 392 5833 609 5887; x_wconf 79' lang='grc' dir='ltr'>τούτου.</span> <span class='ocrx_word' id='word_1_830' title='bbox 687 5831 731 5862; x_wconf 78' lang='grc'>’⁸</span> <span class='ocrx_word' id='word_1_831' title='bbox 752 5846 844 5898; x_wconf 74' lang='grc' dir='ltr'><strong>γρ,</strong></span> <span class='ocrx_word' id='word_1_832' title='bbox 876 5828 974 5899; x_wconf 76' lang='grc' dir='ltr'>τὴν</span> <span class='ocrx_word' id='word_1_833' title='bbox 1000 5828 1197 5889; x_wconf 73' lang='grc' dir='ltr'>ἄλλως.</span> 
     </span>
    </p>
   </div>
  </div>
