4176 6448
750 386 886 450 1139

745 511 1026 571 sponsam,
1052 510 1292 567 sponsus
1318 505 1402 552 est
1435 514 1449 552 :
1485 494 1697 550 amicus
1733 503 1916 551 autem
1964 497 2175 565 sponsi,
2227 494 2321 564 qui
2350 497 2398 553 Α

746 603 875 659 stat,
909 603 965 649 et
992 592 1148 648 audit
1185 607 1334 656 eum,
1371 589 1573 660 gaudio
1613 590 1815 659 gaudet
1855 600 2083 659 propter
2134 604 2325 643 vocem

748 688 961 757 sponsi.
990 686 1101 741 lloe
1115 700 1247 754 ergo
1275 685 1533 754 gaudium
1561 698 1741 738 meum
1773 683 2059 752 impletum
2090 689 2174 736 est
2214 692 2261 735 ε.
2302 700 2321 733 ι

749 779 1036 835 Lucerna:
1078 796 1096 830 ι
1144 777 1238 831 Ille
1290 786 1411 832 erat
1461 777 1689 830 lucerna
1733 776 1957 839 ardens,
1998 783 2054 828 et
2092 774 2321 828 lucens:

750 867 861 922 Vos
904 880 1086 923 autem
1124 868 1381 922 voluistis
1437 866 1503 920 ad
1548 867 1737 921 horam
1785 866 2065 920 exsultare
2114 866 2169 919 in
2206 866 2327 919 luce

748 958 872 1028 ejus
900 958 951 1013 ἀ.
992 978 1012 1010 ι
1050 958 1436 1028 Reprehensio
1476 958 1746 1013 Herodis:
1790 976 1808 1007 ι
1851 957 2079 1011 Dicebat
2099 958 2245 1010 enim
2275 956 2325 1010 ei

748 1046 992 1104 Joannes
1028 1065 1043 1100 :
1074 1048 1192 1101 Non
1247 1048 1374 1103 licet
1424 1047 1522 1102 tibi
1555 1048 1757 1101 habere
1804 1062 2032 1101 uxorem
2088 1046 2325 1116 Philippi

752 1136 943 1191 fratris
968 1137 1045 1191 tui
1067 1147 1111 1189 °.
1164 1156 1182 1189 ι
1223 1136 1466 1193 Herodes
1496 1148 1703 1203 autem,
1750 1152 1874 1191 cum
1908 1138 1957 1191 is
1990 1153 2113 1190 eum
2141 1153 2327 1206 repre-

755 1230 1016 1285 henderet
1047 1238 1277 1301 propter
1325 1228 1708 1295 llerodiadem,
1764 1229 1991 1284 inclusit
2044 1230 2221 1300 ipsum
2270 1233 2325 1284 in

749 1334 991 1376 carcere.

825 1582 923 1639 His
947 1581 1193 1639 Joannes
1220 1596 1448 1641 vocatus
1475 1595 1562 1641 est
1588 1587 1908 1643 nominibus
1946 1604 1959 1640 :
2004 1587 2158 1643 hisce
2194 1588 2329 1641 titu—

754 1674 823 1728 lis
850 1672 954 1729 fuit
985 1674 1323 1741 honoratus;
1354 1676 1663 1749 habuitque
1685 1679 1934 1735 actiones
1957 1681 2027 1736 iis
2054 1696 2328 1753 congruas

754 1767 1241 1835 appellationibus.
1274 1771 1391 1835 llle,
1431 1772 1679 1841 inquam,
1704 1771 1965 1834 Joannes.
1993 1791 2105 1843 quo
2149 1794 2167 1826 ι
2217 1792 2323 1830 non

754 1860 999 1913 surrexit
1031 1862 1208 1930 major
1248 1866 1391 1918 iuter
1415 1875 1573 1919 natos
1607 1864 1902 1919 mulierum
1939 1864 1980 1918 ι.
2016 1885 2034 1917 ι
2072 1868 2177 1921 Hic
2201 1884 2329 1924 vere

751 1959 863 2014 est,
917 1951 984 2005 de
1031 1968 1143 2021 quo
1199 1952 1370 2008 David
1421 1963 1679 2025 tauquam
1716 1972 1780 2011 ex
1833 1973 2067 2026 persona
2108 1957 2227 2023 Dei,
2274 1966 2330 2015 et

751 2039 934 2095 Patris
966 2043 1209 2110 psallitu
1231 2043 1427 2099 Paravi
1465 2045 1747 2101 lucernam
1795 2047 2023 2102 Christo
2052 2066 2208 2104 meo:
2239 2066 2331 2105 su-

752 2149 852 2202 per
889 2136 1070 2204 ipsum
1105 2145 1288 2191 autem
1333 2138 1605 2193 umorehit
1658 2140 2027 2195 sanctiﬁcatio
2070 2157 2187 2195 mea
2210 2132 2261 2196 ἐ.
2304 2161 2323 2195 ι

754 2222 855 2279 llic
883 2234 968 2281 est
1004 2237 1240 2295 magnus
1280 2225 1445 2291 Elias,
1485 2242 1591 2281 non
1630 2228 1961 2297 Thesbites;
1990 2231 2083 2285 sed
2120 2231 2213 2300 qui
2250 2231 2329 2285 le-

753 2330 874 2385 gem
930 2316 1079 2369 inter
1125 2318 1501 2388 gratiamque,
1536 2317 1751 2373 medius
1792 2320 2146 2386 intercessit;
2201 2319 2330 2374 fuit-

754 2421 861 2475 que
913 2408 1137 2477 prioris,
1190 2424 1505 2479 quanquam
1560 2410 1679 2477 ipse
1738 2412 2011 2479 posterior
2062 2420 2329 2483 tempore,

755 2500 1026 2555 adventus
1072 2500 1336 2554 Dominici
1376 2516 1722 2571 pnecursor;
1769 2519 1892 2557 cum
1933 2504 2126 2558 eodem
2166 2513 2329 2573 atque

758 2595 847 2647 ille
882 2594 1104 2662 spiritu,
1139 2608 1202 2646 ac
1234 2595 1436 2649 virtute
1474 2595 1811 2663 praecedens,
1844 2598 1918 2649 uti
1950 2596 2329 2668 Archaugelus

756 2685 1012 2755 praedixit
1047 2685 1329 2741 Zachariae
1366 2683 1416 2741 ιι.
1447 2685 1547 2741 Cui
1581 2685 1900 2742 Zachariae?
1935 2688 2018 2742 Illi
2067 2691 2326 2744 nimirqu

755 2778 915 2847 cujus
945 2779 1173 2848 sanguis
1204 2778 1407 2832 clamat
1446 2777 1557 2848 (‘28)
1588 2779 1874 2849 plusquam
1925 2780 2114 2837 Abelis
2152 2784 2195 2835 ί.
2232 2782 2329 2837 Hic

755 2880 839 2925 est
876 2872 973 2939 qui
1004 2871 1162 2939 prius
1212 2870 1546 2934 eXsultavit,
1584 2879 1639 2926 et
1682 2880 1977 2941 antequam
2029 2874 2085 2927 in
2144 2876 2327 2931 lucem

757 2962 1021 3030 prodiret.
1054 2960 1347 3016 Dominum
1386 2976 1547 3016 suum
1592 2963 1814 3033 agnovit
1866 2964 1921 3017 in
1980 2973 2194 3021 ventre.
2229 2965 2329 3021 Hic

756 3059 1004 3105 materna
1040 3052 1226 3121 lingua
1276 3052 1653 3107 instrumento
1712 3061 1911 3119 utens,
1948 3056 2159 3125 prolem
2211 3058 2330 3113 sine

757 3150 912 3205 patre
938 3139 1213 3193 allocutus
1251 3147 1358 3201 est,
1389 3155 1515 3193 cum
1554 3140 1646 3194 illa
1676 3141 1858 3197 adhuc
1883 3151 2045 3199 utero
2075 3153 2326 3215 gestare-
2355 3180 2397 3237 ο

757 3244 846 3285 tur
881 3250 894 3284 :
950 3249 969 3283 ι
1000 3230 1157 3287 Unde
1194 3232 1299 3287 hoc
1334 3233 1491 3298 mihi,
1544 3233 1773 3301 dicens,
1811 3244 1870 3290 ut
1917 3239 2104 3293 veniat
2156 3239 2328 3297 Mater

758 3322 969 3376 Domini
1002 3310 1137 3377 mihi
1165 3325 1231 3376 ad
1269 3339 1353 3378 tne
1390 3323 1440 3377 i?
1475 3343 1493 3375 ι
1526 3355 1594 3365 --
1630 3344 1648 3377 ι
1689 3326 1787 3382 llic
1818 3344 1945 3384 cum
1967 3334 2329 3389 convertisset

758 3412 927 3466 corda
970 3419 1191 3481 patrum
1224 3412 1279 3465 iu
1322 3413 1487 3477 ﬁlios,
1518 3425 1571 3468 et
1607 3416 1928 3472 incredulos
1971 3418 2039 3472 ad
2088 3422 2329 3490 pruden-

756 3502 886 3555 tiam
932 3502 1252 3573 justorum,
1304 3508 1519 3574 paravit
1576 3506 1808 3561 Domino
1877 3510 2087 3579 plebem
2152 3513 2329 3580 perfe-

756 3605 903 3648 ctam
938 3596 1001 3647 lI:
1034 3614 1052 3647 ι
1113 3596 1502 3666 promissionis
1563 3599 1799 3667 fructus,
1834 3601 2009 3658 fausta
2054 3604 2328 3662 Gabrielis

757 3688 1130 3753 aununtiatio,
1166 3704 1392 3758 germen
1425 3688 1639 3746 defecta
1691 3702 1873 3760 atate,
1923 3697 2181 3763 genitalis
2230 3698 2330 3755 ﬂos

758 3778 1000 3841 sterilis,
1034 3781 1301 3849 propheta
1352 3789 1514 3838 ortus
1555 3785 1855 3853 pr0pheta,
1901 3786 2106 3842 deserti
2152 3789 2327 3857 civis,

757 3868 955 3937 aliptes
981 3868 1134 3923 orbis
1178 3878 1475 3938 terrarum,
1506 3874 1647 3929 solis
1687 3876 1866 3941 stella,
1902 3877 2124 3933 lucerna
2169 3880 2328 3949 lucis,

759 3960 901 4029 regis
932 3961 1112 4024 miles,
1143 3962 1332 4031 sponsi
1366 3964 1673 4031 pronubus,
1713 3966 1930 4022 Domini
1973 3986 2187 4038 servus,
2225 3989 2328 4029 vox

759 4048 960 4104 Verbi:
1023 4050 1145 4119 ejus
1206 4052 1504 4120 sacerdos,
1569 4055 1662 4124 qui
1726 4057 2030 4112 secundum
2076 4062 2328 4119 ordinem

758 4142 1121 4198 Melrhisedec
1149 4144 1519 4199 sacerdotium
1547 4148 1736 4216 gessit,
1767 4152 1988 4219 quando
2016 4154 2180 4207 etiam
2214 4171 2331 4209 tnea

758 4235 869 4287 ruit
899 4233 1114 4303 operari
1146 4248 1305 4288 sacro
1334 4234 1455 4302 ejus
1495 4234 1815 4304 baptismati
1852 4256 1865 4292 :
1901 4254 1997 4306 per
2032 4256 2089 4294 se
2115 4243 2332 4296 auditor

757 4325 958 4390 Patris,
993 4324 1238 4394 Baptista
1269 4323 1418 4388 Filii,
1447 4338 1511 4379 ac
1538 4334 1818 4396 spectator
1852 4328 2094 4397 Spiritus
2130 4334 2329 4401 saucti,

757 4419 895 4488 legis
935 4418 1238 4479 silentium,
1265 4425 1552 4487 sequester
1583 4420 1797 4488 gratiae,
1831 4424 2054 4477 corouis
2097 4427 2332 4495 prophe-

756 4519 867 4580 tiae,
904 4518 1293 4587 pmphetarum
1352 4516 1477 4571 ﬁnis
1501 4556 1516 4580 ,
1553 4517 1706 4586 regni
1757 4532 1937 4586 prmco
1961 4555 1975 4581 ,
2018 4533 2329 4587 prmeursor
2361 4510 2404 4564 ι)

758 4610 1024 4675 veritatis,
1082 4618 1236 4679 porta
1288 4609 1649 4679 pmuitentize,
1697 4610 2039 4679 virginitatis
2074 4621 2328 4675 ornatur,

760 4703 954 4757 salutis
1012 4710 1373 4772 pra3parator,
1407 4703 1683 4757 castitatis
1714 4703 2018 4773 legislator,
2054 4706 2331 4774 improbo-

760 4810 880 4847 rum
917 4794 1154 4859 irenum,
1187 4794 1298 4848 dux
1328 4808 1520 4848 eorum
1548 4795 1641 4866 qui
1668 4794 1837 4865 probe
1864 4795 2029 4848 vitam
2068 4803 2257 4864 agunt.

2362 1834 2400 1887 Β

832 5055 1068 5110 Joannes
1128 5055 1218 5110 ille
1265 5066 1529 5125 magnus:
1568 5070 1599 5109 a
1637 5054 1748 5110 Deo
1800 5068 2050 5111 vocatum
2102 5073 2321 5123 nomen,

760 5148 923 5202 allata
969 5147 1036 5202 de
1086 5146 1245 5202 cmlis
1274 5161 1370 5216 per
1407 5146 1740 5218 Archangeli
1775 5163 1964 5203 vocem
2016 5153 2327 5205 nomencla-

836 5348 856 5374 ε
880 5335 1037 5392 Joan.
1064 5355 1148 5402 ιιι,
1177 5339 1267 5400 29.
1298 5339 1390 5394 50.
1463 5337 1491 5378 ἀ
1533 5336 1694 5392 Joan.
1726 5351 1778 5402 v,
1806 5334 1895 5391 55.

765 5407 781 5447 ί
820 5406 1011 5463 Matth.
1038 5424 1199 5475 χχιιι,
1232 5410 1324 5465 35.
1405 5405 1715 5472 iLuc.t,65.
1793 5407 1820 5446 κ
1859 5405 1997 5462 ibid.
2035 5404 2123 5462 17.

1934 386 1990 443 S.
2033 382 2359 443 ANDREJE
2396 381 2818 440 CRETENSIS

1978 5346 2001 5375 ο
2030 5335 2200 5392 Marc.
2228 5353 2303 5403 vr,
2325 5337 2413 5393 18.

3908 371 4044 434 1110

2424 492 2491 544 λὰ
2517 492 2617 561 μὲν
2649 488 2743 545 οὖν
2784 491 2875 543 καὶ
2906 490 3069 560 ἕτερα
3096 487 3455 560 παρακαλῶν,
3504 485 3922 559 εύηγγελίζετο
3964 488 4049 538 τὸν

2429 582 2577 636 λαόν.
2606 602 2625 634 ι
2660 581 3054 651 Νυμφαγωγὸς
3075 599 3088 612 ·
3130 599 3148 631 ι
3215 581 3273 634 '0
3302 581 3442 650 ἔχων
3474 579 3575 648 τὴν
3608 579 3876 649 νύμφην,
3913 597 4051 647 νυμο

2430 675 2550 741 φίος
2582 674 2754 728 ἐστίν.
2795 674 2853 726 Ὀ
2883 673 2939 726 δέ
2978 673 3131 743 φίλος
3166 671 3262 725 τοῦ
3296 672 3560 741 νυμφίου,
3591 673 3620 724 6
3650 670 3928 741 έστηκὼς
3962 672 4049 721 καὶ

2428 764 2649 819 ἀκούων
2679 764 2867 830 αὑτοῦ,
2911 767 3055 836 χαρᾷ
3082 765 3266 835 χαίρει
3294 765 3383 818 διὰ
3417 765 3515 834 τὴν
3550 763 3743 834 φωνὴν
3780 762 3887 816 τοῦ
3918 782 4048 832 νυμ-

2430 856 2575 925 φίου.
2618 856 2767 926 Αὕτη
2813 854 2907 911 οὖν
2951 860 2983 926 ή
3017 857 3161 927 χαρὰ
3196 859 3229 927 ἡ
3272 858 3381 927 ἐμὴ
3434 858 3834 926 πεπλήρωται.
3881 875 3903 907 ι
3944 856 4047 907 Λύ-

2428 966 2584 1017 χνος·
2617 968 2635 999 ι
2660 950 2898 1012 Ἐκεῖνος
2925 945 2991 1019 ἦν
3016 952 3044 1001 6
3072 949 3264 1018 λύχνος
3290 951 3318 1001 6
3337 950 3648 1016 καιόμενος,
3676 950 3779 1001 καὶ
3806 949 4045 1016 φαίνων

2430 1041 2588 1110 ὑμεῖς
2616 1040 2671 1093 δὲ
2695 1041 2996 1110 ἠθελήσατε
3037 1040 3473 1108 ἀγαλλιασϐἧναι
3506 1041 3648 1109 πρὸς
3677 1042 3847 1108 ὥραν
3881 1043 3947 1091 ἐν
3974 1041 4044 1109 τῷ

2433 1135 2573 1201 φωτῖ¹
2607 1132 2791 1187 αὐτοῦ.
2840 1152 2858 1184 ι
2908 1133 3171 1202 Ἔλεγχος
3226 1132 3471 1201 Ἡρώδου
3502 1150 3518 1165 ·
3561 1152 3577 1183 ι
3630 1133 3883 1199 Ἔλεγεν
3942 1133 4044 1203 γὰρ

2430 1224 2579 1291 αύτῷ
2604 1225 2633 1276 6
2674 1224 2949 1294 Ἰωάννης·
2986 1216 3099 1277 Οὔκ
3130 1218 3346 1288 ἔξεστίν
3381 1242 3461 1277 σοι
3495 1225 3641 1295 ἔχειν
3672 1225 3782 1295 τὴν
3802 1228 4043 1291 γυναῖκα

2428 1313 2695 1365 Φιλίππου
2734 1313 2831 1366 τοῦ
2862 1312 3095 1383 ἀδελφοῦ
3131 1330 3245 1365 σου.
3282 1331 3300 1365 ι
3346 1313 3403 1364 ’0
3441 1312 3497 1365 δὲ
3529 1312 3791 1381 Ἡρώδης
3822 1312 4033 1380 ἐλεγγόι

2432 1420 2594 1470 μενος
2628 1403 2721 1455 ὑπ’
2748 1404 2913 1456 αὑτοῦ
2936 1406 3004 1456 δι’
3038 1404 3365 1473 Ἡρωδιάδα,
3394 1403 3756 1456 κατέκλεισεν
3790 1403 4035 1458 αύτδνέν

2428 1495 2497 1561 τῇ
2531 1491 2771 1563 φυλακῇ.

2498 1581 2726 1644 Τούτοις
2764 1582 3019 1650 Ἰωάννης
3048 1582 3162 1643 τοῖς
3200 1582 3429 1650 ὀνόμασι
3460 1582 3730 1649 κέκληται
3764 1599 3782 1613 ·
3828 1582 4034 1643 τούτοις

2429 1672 2750 1743 τετίμηται·
2768 1672 2975 1725 τούτων
3000 1673 3099 1735 τὰς
3120 1672 3350 1743 πράξεις
3372 1673 3737 1742 καταλλήλως
3750 1678 3883 1734 ταῖς
3911 1675 4034 1743 κλή-

2436 1782 2552 1817 σεσι
2578 1768 3014 1837 προσεκτήσατο.
3033 1767 3288 1836 Ἰωάννης
3314 1769 3546 1830 ἐκεῖνος,
3578 1761 3640 1820 οὗ
3676 1786 3693 1817 ι
3740 1768 3959 1838 μείζων
3985 1772 4035 1821 ἐν

2429 1862 2709 1928 γεννητοῖς
2768 1859 3051 1927 γυναικῶν
3081 1860 3183 1912 οὐκ
3237 1860 3558 1930 ἐγήγερται.
3596 1880 3615 1910 ι
3658 1856 3844 1924 Οὗτός
3893 1865 4034 1915 ἐστιν

2430 1949 2648 2020 ἀληθῶς
2672 1951 2799 2021 περὶ
2826 1946 2886 2005 οὗ
2906 1952 2933 2003 6
2964 1953 3142 2021 μέγας
3172 1950 3365 2021 ψάλλει
3415 1952 3616 2015 Δαὸὶδ,
3660 1953 3740 2015 ὡς
3771 1957 3841 2007 ἐκ
3876 1972 4013 2025 προσ

2429 2042 2580 2094 ώπου
2602 2042 2696 2095 τοῦ
2715 2043 2851 2096 Θεοῦ
2871 2045 2965 2096 καὶ
2990 2044 3204 2114 Πατρός
3223 2044 3394 2112 λέγων
3420 2062 3432 2075 σ
3457 2064 3475 2096 ι
3498 2046 3823 2115 Ἠτοίμασσ.
3850 2049 4036 2117 λύχνον

2429 2136 2508 2205 τῷ
2538 2135 2761 2207 Χριστῷ
2800 2152 2932 2205 μου·
2961 2136 3056 2188 ἐπὶ
3082 2136 3138 2189 δὲ
3170 2137 3334 2190 αὐτὸν
3366 2137 3658 2206 έξανθήσει
3690 2139 3759 2190 τδ
3792 2140 4035 2210 ἁγίασμὰ

2434 2242 2558 2294 μου.
2598 2244 2615 2275 ι
2662 2220 2831 2288 Οὗτός
2875 2227 3025 2277 ἐστιν
3066 2225 3255 2288 Ἠλίας
3287 2227 3492 2289 ἐκεῖνος
3540 2230 3567 2280 6
3600 2228 3790 2297 μέγας
3818 2247 3833 2259 ι
3887 2232 4038 2299 ούχό

2430 2315 2698 2385 Θεσόίτης
2725 2332 2738 2345 ”
2769 2315 2885 2369 ἀλλ’
2932 2317 2960 2368 6
3015 2318 3247 2387 μεσίτης
3289 2316 3459 2386 νόμου
3510 2318 3608 2370 καὶ
3640 2320 3882 2389 χάριτος
3906 2362 3922 2383 ,
3954 2323 4040 2373 καὶ

2428 2408 2527 2477 τῆς
2560 2409 2871 2478 προτέρας,
2902 2410 2951 2460 εί
2991 2409 3083 2460 και
3110 2407 3188 2479 τῷ
3221 2408 3401 2478 χρόνῳ
3433 2408 3736 2479 δεύτερος.
3770 2412 3877 2481 τῆς
3916 2414 4038 2482 XF"

2432 2499 2558 2551 στοῦ
2583 2499 2889 2567 παρουσίας
2926 2499 3259 2569 πρόδρομος,
3287 2498 3315 2551 6
3340 2498 3478 2570 μετὰ
3503 2503 3603 2569 τῆς
3635 2501 3823 2570 αὐτῆς
3848 2504 4039 2571 ἐκεί-ιι)

2432 2588 2711 2659 προελθὼν
2761 2591 3117 2660 ἐμπνεύσεως
3167 2590 3263 2644 καὶ
3299 2590 3585 2659 δυνάμεως
3608 2632 3622 2656 ,
3662 2593 3743 2655 ὡς
3777 2596 3811 2646 6
3835 2597 4037 2663 ἀρχαγ-

2428 2682 2587 2748 γελος
2614 2681 2693 2751 τῷ
2720 2683 2967 2753 Ζαχαρία
2990 2684 3323 2754 προέφησεν.
3356 2683 3607 2752 Ζαχαρία
3643 2684 3797 2753 ποίῳ
3828 2703 3842 2749 ;
3881 2680 3959 2737 υἱ
3990 2687 4040 2737 τὸ

2429 2769 2572 2841 αἷμα
2603 2774 2794 2844 κράζει
2830 2774 2993 2827 πλέον
3032 2774 3128 2826 τοῦ
3178 2773 3365 2827 Ἀδελ.
3410 2767 3583 2836 Οὗτός
3616 2775 3776 2827 ἐστιν
3825 2779 3854 2828 6
3910 2793 4039 2845 προ·

2431 2866 2753 2935 σκιρτήσας,
2786 2866 2883 2918 καὶ
2912 2867 3041 2936 πρὶν
3073 2867 3151 2927 εἰς
3175 2864 3291 2933 φῶς
3322 2865 3608 2934 προελθεῖν
3645 2867 3926 2934 ἐπιγνοὺς
3956 2869 4039 2919 τὶν

2429 2956 2625 3009 ἐαυτοῦ
2653 2958 2933 3028 Δεσπότην
2970 2957 3319 3027 ἐγγάστριον.
3355 2950 3526 3019 Οὗτος
3566 2959 3802 3028 ὀργάνῳ
3830 2964 3899 3030 τῇ
3950 2961 4040 3027 τῆς

2430 3050 2701 3117 τεκούσης
2729 3049 2945 3120 γλώττῃ
2970 3052 3340 3120 χρησάμενος,
3360 3050 3451 3103 τὸν
3476 3051 3741 3119 ἀπάτορα
3768 3053 3939 3104 τόκον
3968 3054 4039 3103 ἔτι

2431 3139 2870 3210 κυοφορούμενος
2926 3143 3341 3212 προηγόρευσεν
3368 3182 3383 3207 ,
3424 3162 3441 3193 ι
3479 3143 3655 3195 Πόθεν
3717 3161 3819 3214 μοι
3861 3146 4035 3208 τοῦτο,

2430 3229 2626 3297 λέγων,
2653 3230 2739 3284 ἵνα
2770 3232 2803 3301 ή
2836 3232 3017 3302 μήτηρ
3043 3231 3139 3285 τοῦ
3168 3233 3376 3303 Κυρίου
3412 3251 3515 3302 μου
3543 3234 3679 3305 ἔλθῃ
3715 3239 3869 3308 πρός
3905 3256 4032 3306 μεςι

2429 3340 2528 3373 -ι
2549 3316 2717 3383 Οὗτος
2734 3323 3054 3393 ἐπιστρέψει
3073 3323 3299 3393 καρδίας,
3325 3325 3582 3395 πατέρων
3611 3328 3711 3379 ἐπὶ
3732 3330 3935 3389 τέκνα,
3952 3332 4040 3381 καὶ

2430 3412 2680 3475 ἀπειθεῖς
2706 3415 2764 3466 ὲν
2792 3416 3054 3485 φρονήσει
3078 3414 3320 3479 δικαίων,
3352 3416 3645 3485 ἑτοιμάσαι
3676 3419 3888 3490 Κυρίῳ
3920 3422 4037 3474 λαόν

2431 3504 2936 3573 κατεσκευασμένον
2961 3520 2973 3534 ·
3010 3523 3030 3557 ι
3063 3505 3091 3557 ό
3120 3504 3179 3569 ἐξ
3208 3506 3543 3574 ἐπαγγελίας
3576 3510 3829 3575 καρπὸς,
3858 3512 3920 3564 τὸ
3954 3511 4035 3563 τιῦ

2434 3595 2676 3666 Γαϐριὴλ
2707 3596 3050 3665 εὐαγγέλιον,
3086 3601 3113 3650 ό
3139 3600 3270 3669 παρ’
3301 3599 3521 3669 ⁴ἡλικίαν
3549 3600 3819 3669 βλαστὸς,
3857 3605 3920 3657 τὸ
3947 3604 4034 3671 τῆς

2434 3691 2658 3759 στείρας
2688 3690 2912 3760 γόνιμον
2964 3688 3145 3752 ἄνθος,
3178 3691 3206 3742 6
3236 3690 3300 3742 ὲκ
3336 3690 3621 3761 προφήτου
3653 3696 3981 3764 προφήτης,
4012 3697 4034 3745 ὁ

2432 3783 2532 3849 τῆς
2576 3780 2788 3849 ἐρήμου
2840 3779 3064 3849 πολίτης
3086 3820 3099 3842 ,
3140 3781 3167 3833 6
3193 3782 3291 3851 τῆς
3316 3781 3651 3852 οἰκουμένης
3680 3783 3984 3853 ἀλείπτης,
4012 3788 4032 3835 ί

2432 3870 2526 3925 τοῦ
2558 3872 2708 3942 ήλίου
2743 3872 2943 3942 ἀστὴρ,
2986 3870 3080 3924 τοῦ
3113 3872 3296 3939 φωτὸς
3338 3874 3365 3925 ὁ
3389 3872 3602 3942 λύχνος,
3627 3874 3731 3926 τοῦ
3765 3874 4033 3943 βασιλέως

2432 3966 2461 4018 6
2492 3963 2852 4035 στρατιώτης,
2888 3965 2915 4015 6
2949 3964 3318 4033 νυμφαγωγὸς
3351 3963 3446 4016 τοῦ
3478 3964 3746 4033 νυμφίου,
3787 3967 3820 4016 6
3855 3966 4034 4027 δοῦλος

2432 4055 2526 4108 τοῦ
2557 4057 2852 4119 Δεσπότου,
2881 4056 2914 4126 ἡ
2959 4056 3113 4125 φωνὴ
3152 4056 3247 4108 τοῦ
3279 4056 3475 4124 Λόγου,
3508 4055 3601 4109 τοῦ
3629 4058 3784 4112 κατὰ
3810 4062 3917 4128 τὴν
3948 4060 4033 4111 τά-

2437 4148 2518 4212 ξιν
2546 4148 2881 4217 Μελχισεδὲκ
2912 4148 3352 4219 ίερατεύσαντος,
3388 4149 3415 4199 6
3445 4149 3649 4217 ἱερεὺς,
3681 4152 3803 4221 ὅσῳ
3836 4155 3935 4204 καὶ
3964 4154 4033 4202 is-

2437 4241 2735 4310 ρουργῆσαι
2766 4239 2931 4292 αὑτοῦ
2964 4239 3042 4311 τῷ
3084 4239 3428 4308 βαπτίσματι
3460 4240 3835 4307 κατηξίωται,
3880 4244 3910 4293 ὁ
3938 4241 4029 4293 τοῦ

2435 4332 2647 4402 Πατρός
2697 4332 2985 4401 αὐτήκοος,
3028 4332 3056 4383 6
3100 4330 3195 4383 τοῦ
3250 4330 3382 4383 Υίοῦ
3443 4329 3795 4402 βαπτιστὴς,
3858 4338 3888 4387 ὁ
3944 4335 4028 4387 τοι]

2436 4424 2754 4495 Πνεύματος
2782 4424 2974 4493 Θεατὴς
2999 4464 3012 4489 ,
3040 4425 3074 4494 ἡ
3104 4421 3197 4475 τοῦ
3223 4423 3390 4493 νόμου
3423 4424 3571 4491 σιγὴ,
3606 4424 3633 4474 6
3668 4428 3915 4495 μεσῖτης
3936 4428 4030 4493 τῆς

2432 4516 2653 4587 χάριτος
2673 4556 2686 4577 ,
2723 4516 2822 4585 τῆς
2843 4514 3190 4585 προφητείας
3216 4514 3466 4585 κορωνὶς,
3496 4513 3608 4565 τῶν
3641 4518 3953 4583 προφητῶν
3976 4518 4029 4569 τὸ

2438 4606 2834 4678 συμπέρασμα,
2864 4609 2961 4676 τῆς
3004 4604 3281 4675 βασιλείας
3327 4605 3356 4657 6
3383 4604 3583 4674 κῆρυξ,
3618 4604 3723 4672 τῆς
3768 4606 4027 4674 ἀληθείας

2436 4701 2464 4751 ό
2496 4700 2829 4769 πρόδρομος,
2870 4701 2967 4768 τῆς
3001 4697 3296 4768 μετανοίας
3326 4699 3358 4767 ή
3398 4697 3557 4767 θύρα,
3590 4698 3691 4766 τῆς
3723 4701 4027 4769 παρθενίας

2435 4792 2463 4841 6
2488 4790 2789 4859 στολιστὴς,
2822 4791 2849 4841 ὁ
2871 4790 2969 4860 τῆς
2994 4788 3270 4858 σωτηρίας
3294 4790 3652 4857 ἐτοιμαστὴς,
3686 4791 3788 4859 τῆς
3814 4809 4026 4861 σωφρο-

2451 4880 2611 4951 σύνης
2637 4882 2665 4933 6
2700 4879 3018 4949 νομοθέτης,
3061 4879 3171 4931 τῶν
3211 4880 3559 4950 ἁνομούντων
3586 4881 3887 4949 όχαλινὺς,
3923 4885 4027 4935 τῶν

2442 4969 2815 5040 εὐνομούντων
2845 4972 2873 5024 ό
2905 4971 3270 5039 χειραγωγός.

2516 5061 2767 5131 Ἰωάννης
2795 5063 2824 5113 6
2853 5062 3027 5130 μέγας
3052 5078 3065 5091 ο
3093 5060 3155 5113 τὸ
3180 5059 3476 5129 θεόκλητον
3496 5062 3695 5131 ὄνομα,
3722 5064 3755 5131 ἡ
3779 5062 3845 5125 ἐξ
3868 5047 4025 5131 669i-

2433 5153 2541 5207 νῶν
2569 5149 3012 5225 δι”ἀρχαγγέλου
3044 5150 3232 5222 φωνῆς
3268 5152 3863 5225 ὀνοματογραφηθεῖσα
3896 5156 4021 5222 xli;-

2494 5337 2514 5378 ί
2541 5340 2828 5408 Matthxi,
2856 5343 2938 5397 ll.
3020 5347 3044 5385 ⁸
3073 5344 3221 5400 Psal.
3249 5359 3438 5407 cum.
3475 5347 3556 5400 l7.
3632 5348 3658 5385 ιι
3690 5346 3830 5400 Luc.
3860 5363 3902 5414 ι,
3933 5345 4012 5398 17.

2097 5573 2489 5633 COMBEFISH
2528 5576 2761 5633 ΝΟΤᾸΕ.

833 5666 949 5737 (2.3)
989 5665 1155 5737 Cujus
1188 5666 1401 5737 sanguis
1435 5664 1653 5737 clamat.
1697 5665 1767 5720 Ut
1800 5664 2058 5737 Dominus
2089 5666 2324 5737 primum

762 5735 1226 5793 ac‘tmvissimum
1256 5735 1473 5791 Justum
1502 5736 1719 5789 occisos
1750 5735 2014 5798 referens,
2052 5736 2185 5789 nihil
2218 5752 2323 5789 nou

762 5808 818 5865 lu
845 5808 1022 5879 justos
1054 5806 1409 5865 commissum
1437 5820 1466 5859 a
1490 5803 1692 5861 JUdtL‘iS
1721 5804 1950 5860 inultum
1978 5807 2225 5861 relictum
2260 5806 2323 5860 iri

2433 5670 2611 5740 palam
2633 5670 2969 5740 declararet.
3013 5668 3107 5740 Sic
3148 5669 3388 5740 plerique
3419 5668 3614 5725 Patres
3652 5670 3719 5724 de
3744 5668 4005 5723 Zacharia

2436 5739 2591 5809 patre
2622 5739 2851 5796 Joannis
2882 5739 3216 5795 Dmniuicam
3249 5739 3579 5795 sententiam
3610 5742 3890 5809 explicant
