4176 6448
193 401 318 463 1141

1289 382 1299 400 ’
1352 400 1431 456 IN
1481 401 1926 459 APOS’IOLUM
1968 402 2234 460 Tl't‘UM.

3285 399 3420 462 me

190 531 298 575 αις,
329 513 360 580 ή
393 512 455 562 ἐκ
477 508 733 575 σιγῶντος
758 508 928 576 φωνὴ,
959 509 986 560 6
1012 511 1075 577 τῇ
1104 509 1314 578 ἀφωνία
1336 511 1426 562 τοῦ
1464 511 1663 579 πατρὶς
1696 512 1754 562 τὸ
1785 564 1786 569 η

1881 528 2012 575 ura;
2045 529 2143 564 vox
2178 523 2298 565 orta
2329 527 2390 565 ex
2431 519 2583 564 muto
2606 552 2618 575 ,
2646 511 2740 581 qui
2791 513 3012 567 silentio
3047 523 3273 580 paterno
3308 525 3418 568 ste-

187 605 382 670 ἄγονον
404 599 613 667 ὑφελὼν
647 599 745 666 τῆς
777 598 1112 669 στειρώσεως
1132 638 1146 661 ,
1173 602 1201 650 6
1231 599 1321 652 τὸν
1344 602 1513 670 ἀμνὸν
1536 601 1752 654 ὑποδεί-

191 691 311 754 ξας,
337 688 414 757 τῷ
440 686 691 740 λαλοῦντι
720 685 987 753 δακτύλῳ,
1014 685 1076 737 τὸ
1127 684 1266 753 μέγα
1296 686 1394 754 τῆς
1431 686 1754 754 ἐγκρατείας

190 780 418 849 αὔχημα
443 820 458 843 ,
496 779 524 830 6
557 779 614 829 ἐν
645 776 857 844 σώματι
881 778 1136 845 ἄσαρκος,
1169 778 1196 828 6
1221 779 1276 828 ὲν
1302 777 1455 846 πηλῷ
1484 779 1753 847 μαργαρί-

189 887 312 936 της.
345 872 372 921 6
399 872 454 920 ἐν
496 867 806 936 ὀστρακίνῳ
838 867 1019 918 σκεύει
1062 865 1352 935 πολυτελὴς
1385 867 1650 936 θησαυρὸς
1674 908 1687 929 ,
1727 869 1756 919 6

193 964 260 1029 τῇ
285 960 442 1029 ἀξίνη
457 961 557 1027 τὴν
578 960 752 1025 τομὴν
778 957 1140 1026 προσεπάγων
1160 959 1225 1026 τῇ
1248 957 1356 1009 τῶν
1373 956 1558 1025 ψυχῶν
1584 958 1756 1025 ἀκαρ-

194 1050 316 1117 πίφν
352 1051 384 1116 ἦ
414 1049 715 1118 φιλέρημος
740 1048 838 1116 τῆς
873 1047 1192 1114 Ἐκκλησίας
1217 1048 1452 1116 τρυγὼν,
1483 1046 1542 1097 τὸ
1568 1047 1759 1116 ἀσίγη-

193 1155 286 1191 τον
309 1137 504 1211 στόμια,
534 1139 567 1206 ἠ
596 1136 871 1204 πανταχοῦ
927 1137 1203 1205 βροντῶσα
1240 1157 1256 1187 ι
1287 1137 1436 1203 φωνὴ
1468 1135 1559 1187 τοῦ
1599 1135 1761 1204 βοῶν-

194 1245 287 1291 τος
318 1231 374 1280 ὲν
395 1231 460 1297 τῇ
485 1229 713 1297 ἐρήμῳ·
735 1228 1092 1294 Ἑτοιμάσατε
1123 1228 1219 1295 τὴν
1256 1227 1372 1280 ὁδὸν
1402 1226 1494 1279 τοῦ
1530 1227 1756 1294 Κυρίου·

196 1319 413 1381 εὐθείας
467 1322 669 1371 ποιεῖτε
703 1319 803 1380 τὰς
840 1317 1059 1388 τρίϐους
1102 1301 1295 1370 αὐτοῦ’
1337 1338 1354 1369 ι
1385 1319 1760 1389 ηθεοῤῥήμων

197 1410 440 1477 γλῶσσα,
466 1405 530 1481 ἦς
554 1413 585 1480 ἠ
612 1412 782 1480 φωνὴ,
816 1411 909 1462 καὶ
947 1411 1084 1479 μετὰ
1115 1411 1175 1462 τὸ
1205 1410 1356 1472 τέλος
1383 1411 1473 1461 τὸν
1518 1410 1763 1480 Ἡρώδην

198 1499 432 1568 ἐλέγχει,
468 1501 561 1554 καὶ
586 1502 675 1552 τὸν
707 1501 1000 1570 ἐρχόμενον
1029 1499 1286 1570 κηρύττει
1310 1517 1322 1528 '
1363 1518 1378 1548 ι
1415 1501 1760 1562 Μετανοεῖτε,

199 1589 454 1656 λέγουσα,
489 1592 716 1659 ἤγγικεν
741 1592 772 1660 ἡ
800 1590 1048 1659 βασιλεία
1079 1590 1187 1641 τῶν
1209 1588 1470 1658 οὐρανῶν.
1497 1607 1515 1638 ι
1551 1589 1706 1657 Αὑτῷ
1732 1590 1764 1658 ἡ

202 1680 351 1745 δόξα,
409 1682 502 1732 καὶ
539 1681 600 1732 τὺ
646 1681 843 1751 κράτος
887 1684 966 1743 εἰς
990 1682 1114 1741 τοὺς
1148 1680 1350 1741 αἰῶνας
1396 1679 1502 1732 τῶν
1532 1679 1763 1733 αίώνων.

217 1770 411 1841 ’Δμήν.

791 1905 1008 1957 ΛΟΓΟΣ
1069 1903 1180 1970 Iq'.

206 2012 312 2078 Εἰς
338 2012 441 2067 τὸν
462 2014 651 2083 ἄτιον,
670 2015 766 2069 καὶ
789 2015 1101 2084 μακάριον,
1122 2016 1218 2069 καί
1247 2017 1641 2084 πανεύφημον
1665 2015 1769 2068 τοῦ

559 2086 812 2154 Χριστοῦ
845 2087 1190 2141 ἀπόστολον
1231 2088 1415 2140 Τίτον.

1855 602 2082 655 rilitatis
2141 602 2367 655 abstulit
2439 601 2933 667 infecunditatem,
3003 603 3097 670 qui
3163 603 3420 670 loquente

1855 692 2024 760 digito
2077 691 2285 759 Agnum
2343 693 2622 758 ostendit;
2678 707 2871 760 magna
2929 693 3016 745 illa
3071 696 3424 748 continentiae

1855 780 2126 849 gloriatio,
2160 780 2344 833 carnis
2395 794 2591 849 espers
2643 781 2695 833 in
2746 797 3006 846 corpore,
3041 785 3335 851 margarita
3370 786 3421 836 in

1857 886 2054 934 caeno,
2089 873 2358 939 pretiosus
2411 873 2463 925 in
2518 873 2731 925 lictibili
2777 888 2906 926 vase
2961 875 3270 938 thesaurus,
3329 878 3422 944 qui

1857 963 2064 1024 securi,
2097 963 2399 1013 animarum
2428 971 2670 1029 amputat
2701 965 3084 1028 sterilitatem;
3112 965 3425 1018 solitudinis

1859 1067 2050 1104 amans
2084 1053 2341 1105 Ecclesia:
2387 1062 2606 1116 turtur;
2639 1069 2734 1107 eos
2770 1055 2935 1107 silere
2976 1055 3224 1107 nescium
3260 1072 3272 1106 :
3312 1055 3427 1108 Vox

1861 1143 2062 1208 ubique
2093 1150 2291 1197 tonans
2324 1143 2611 1196 clamantis
2637 1144 2690 1195 in
2716 1143 2937 1196 deserto
2974 1162 2984 1195 :
3016 1162 3032 1192 ι
3060 1143 3257 1198 Parate
3283 1146 3424 1197 viam

1866 1232 2117 1285 Domini:
2158 1243 2336 1288 rectas
2388 1232 2548 1287 facite
2594 1233 2821 1286 semitas
2869 1233 2988 1302 ejus
3033 1231 3078 1296 1;
3115 1217 3137 1285 ἰ
3173 1234 3427 1304 deiloqua

1862 1322 2071 1390 lingua,
2109 1322 2267 1389 cujus
2306 1339 2406 1376 vox
2447 1331 2570 1393 post
2602 1324 2769 1376 etiam
2800 1323 3004 1375 obitum
3047 1321 3313 1376 llerodem
3346 1339 3431 1377 re-

1865 1414 2178 1478 prehendit,
2229 1422 2283 1467 et
2335 1429 2460 1467 eum
2525 1414 2810 1481 praedicat,
2863 1413 2956 1480 qui
3010 1420 3092 1465 est
3144 1421 3430 1474 venturus.

1865 1501 2060 1556 dicens
2090 1520 2103 1557 :
2139 1521 2156 1553 ι
2202 1501 2591 1556 Paenitentiam
2621 1503 2799 1570 agite;
2845 1501 3306 1571 appropinquavit
3344 1518 3430 1554 re-

1867 1607 2028 1660 gnum
2048 1576 2315 1646 caelorum
2337 1602 2397 1646 ω.
2430 1613 2445 1643 ι
2477 1593 2582 1662 Ipsi
2613 1593 2783 1663 gloria
2812 1600 2864 1646 et
2891 1601 3134 1662 potestas
3157 1593 3209 1644 in
3235 1593 3432 1646 saecula

1867 1683 2213 1736 saeculorum.
2242 1685 2434 1737 Amen.

2427 1904 2690 1960 ORATIO
2728 1905 2866 1960 XVI.

1873 2014 1934 2068 In
1976 2025 2218 2068 sanctum
2249 2025 2297 2070 et
2335 2015 2580 2077 beatum,
2626 2015 3193 2086 celebratissimumque
3236 2015 3440 2071 Christi

2391 2086 2690 2153 apostolum
2717 2085 2914 2139 Titum.
3109 2085 3113 2086 ⁷
3182 2112 3186 2115 -

1502 2223 1816 2284 (Galland.,t.
1845 2221 1972 2281 XIII,
2011 2220 2140 2281 156.)

295 2324 690 2379 Ἀποστολικῶν
745 2327 1035 2397 ἐγκωμίων
1092 2328 1428 2394 ἐφάπτεσθαι
1488 2329 1770 2398 μέλλοντι,

213 2418 443 2488 παρήτω
481 2434 568 2487 μοι
589 2419 647 2471 τὸ
675 2418 917 2495 Πνεῦμα,
943 2420 1038 2472 καὶ
1067 2419 1254 2474 διδότω
1279 2422 1437 2490 λόγον
1463 2423 1658 2474 ὁπόσον
1679 2424 1774 2476 καὶ

211 2505 490 2580 βούλομαι.
515 2510 662 2564 Φιλεῖ
704 2511 812 2581 γὰρ
851 2513 935 2565 ἀεὶ
978 2517 1341 2582 συμπαρεῖναι
1375 2517 1486 2578 τοῖς
1506 2517 1572 2568 δι’
1606 2515 1772 2568 αὑτοῦ

210 2600 389 2653 λαλεῖν
447 2603 762 2672 ᾑρημένοις,
811 2603 998 2673 ῶσπερ
1041 2605 1140 2675 ἥδη
1192 2605 1454 2677 πρότερον
1505 2607 1776 2675 γλώσσαις

211 2690 416 2742 ἄνωθεν
448 2692 820 2761 καθιεμέναις,
859 2694 942 2761 ἐφ’
982 2693 1078 2746 ἕνα
1119 2694 1348 2747 ἕκαστον
1371 2697 1774 2766 καταφοιτῆσαν

210 2777 320 2829 τῶν
345 2779 579 2847 Χριστοῦ
633 2781 891 2851 μαθητῶν
940 2783 1257 2836 ἐπεκάθισε.
1306 2785 1541 2855 Παρήτω
1585 2785 1662 2848 δὲ,
1701 2786 1774 2854 μὴ

211 2870 308 2937 τὴν
332 2871 488 2934 ἀξίαν
510 2873 611 2940 τῆς
639 2873 778 2942 ἐμῆς
818 2874 1120 2944 ἐκμετροῦν
1164 2875 1505 2940 ἀναϐάσεως,
1538 2877 1671 2928 ἀλλά
1700 2877 1776 2947 τῷ

218 2960 438 3029 μεγέθει
468 2963 565 3033 τῆς
593 2965 671 3026 είς
706 2965 854 3032 ἡμᾶς
884 2965 1304 3035 ἀγαθοπρεποῦς
1339 2968 1646 3035 θεουργίας,
1680 2970 1778 3039 τὴν

212 3052 636 3122 ἀπειροπλάσιον
662 3055 825 3108 αὑτοῦ
861 3055 1022 3126 χάριν
1049 3057 1176 3124 ἡμῖν
1211 3057 1642 3126 ἐπιδαψιλεῦσον.
1678 3061 1776 3128 Εῖη

212 3138 274 3192 δὲ
318 3143 411 3194 καὶ
461 3144 589 3213 ὑμῖν
626 3147 739 3207 τοῖς
799 3145 1023 3199 αὐτόθεν
1077 3147 1323 3215 ἀφθόνως
1378 3146 1780 3218 ἐκὸλυζομένης

1949 2328 2290 2399 Aggressuro
2313 2326 2444 2380 mihi
2475 2325 2719 2380 encomia
2753 2324 3072 2394 apostolica,
3095 2325 3241 2379 adsit
3268 2325 3440 2393 Spiri-

1880 2427 1968 2474 tus
2000 2428 2248 2484 snnctus,
2287 2432 2515 2488 eamque
2555 2418 2826 2471 sermonis
2868 2418 2975 2470 vim
3010 2417 3235 2480 tribuat,
3276 2431 3441 2484 quam

1880 2520 1933 2566 ct
1962 2520 2111 2579 opto.
2132 2511 2333 2565 Libens
2354 2511 2556 2580 quippe
2577 2510 2650 2585 iis
2683 2524 2899 2578 semper
2920 2509 3094 2571 adest,
3113 2510 3206 2577 qui
3229 2509 3444 2564 aﬂlante

1882 2604 2000 2672 ipso
2029 2603 2255 2669 cupiunt
2291 2601 2440 2672 loqui
2472 2618 2487 2655 :
2521 2600 2982 2669 quemadmodum
3007 2601 3118 2670 jam
3150 2601 3303 2663 olim,
3339 2599 3445 2653 lin-

1878 2697 2002 2764 guis
2032 2695 2099 2749 de
2133 2696 2272 2749 etelo
2304 2693 2513 2756 missis,
2554 2709 2716 2763 supra
2752 2693 3000 2762 singulos
3037 2691 3246 2746 Christi
3276 2690 3443 2745 disci-

1882 2788 2042 2856 pulos
2074 2784 2415 2840 descendens
2446 2784 2607 2838 sedit.
2649 2785 2807 2840 Adsit
2849 2799 3002 2846 vero,
3052 2797 3160 2835 non
3194 2797 3292 2850 pro
3339 2783 3445 2834 mei

1883 2891 2148 2931 ascensus
2179 2877 2410 2939 ratione,
2443 2875 2534 2929 sed
2564 2891 2662 2944 pro
2679 2876 2876 2930 divina:
2908 2875 2961 2927 in
2993 2889 3095 2927 nos
3122 2874 3274 2927 bona:
3303 2872 3448 2926 illius

1883 2967 2219 3035 operationis
2256 2967 2668 3036 magnitudine,
2719 2965 3050 3017 immensum
3085 2963 3443 3032 multiplicem

1885 3055 2117 3124 gratiam
2153 3069 2307 3109 suam
2345 3054 2495 3122 large
2526 3053 2687 3107 nobis
2704 3053 3074 3107 exhibiturus.
3106 3050 3296 3120 Opera:
3322 3064 3448 3105 vero

1887 3148 2119 3217 pretium
2167 3145 2367 3211 fuerit,
2419 3156 2476 3199 ut
2521 3155 2575 3200 et
2622 3161 2756 3208 vos,
2813 3145 2904 3213 qui
2943 3144 3227 3212 c0piosum
3268 3146 3335 3195 ah
3382 3156 3449 3196 eo

215 3232 557 3300 φωτοχυσίας
585 3236 769 3302 τυχεῖν
812 3234 1142 3304 ἐφιεμένοις,
1173 3235 1240 3288 τά
1277 3236 1418 3288 αὑτά
1463 3253 1554 3305 μοι
1590 3237 1780 3289 συνεύ-

1887 3237 2064 3314 fonte.
2100 3251 2331 3291 manans
2385 3237 2567 3291 lumen
2622 3235 2841 3304 assequi
2904 3235 3198 3296 studeatis,
3254 3233 3446 3288 eadem

167 3313 409 3384 ⁴ξασθαι
441 3323 533 3375 καὶ
563 3325 738 3376 εἰπεῖν
759 3342 772 3355 ’
808 3325 999 3393 Κύριε,
1028 3325 1294 3394 γνώρισόν
1319 3343 1428 3395 μοι,
1460 3327 1556 3379 καὶ
1580 3327 1783 3395 γνώσοο

217 3427 340 3478 μαι,
368 3411 462 3465 τοῦ
499 3415 700 3481 γνῶναι
739 3416 898 3485 ἡνίκα
925 3417 1005 3468 δεῖ
1049 3420 1226 3470 εἰπεῖν
1269 3417 1427 3486 λόγον
1453 3435 1467 3449 ⁸
1508 3439 1525 3470 ι
1571 3419 1681 3472 Καὶ
1708 3419 1783 3490 μὴ

212 3501 472 3575 περιέλῃς
497 3507 561 3557 ἐκ
595 3505 693 3557 τοῦ
742 3507 1007 3575 στόματός
1048 3525 1150 3577 μου
1191 3508 1346 3576 λόγον
1380 3510 1638 3579 ἀληθείας
1676 3510 1784 3573 ἓως

215 3594 440 3664 σφόδρα.
473 3615 491 3646 ι
520 3595 677 3650 Οὕτω
705 3599 803 3666 μὲν
828 3593 920 3651 οῦν
945 3601 1081 3669 πρὶς
1111 3601 1173 3652 τὸ
1206 3601 1434 3670 μέγεθος
1465 3586 1784 3672 ἀφορῶντας

211 3687 308 3740 τοῦ
335 3692 694 3761 προκειμένου
723 3693 948 3760 σκοποῦ,
984 3696 1065 3746 δεῖ
1097 3695 1314 3758 πάντως
1342 3697 1484 3764 ἡμᾶς
1515 3696 1785 3760 εὐκτικῶς

212 3782 564 3851 ἐντυγχάνειν
606 3783 684 3852 τῷ
710 3782 1012 3854 Πνεύματι,
1054 3787 1145 3838 καὶ
1188 3789 1318 3856 παρ’
1351 3787 1515 3840 αὑτοῦ
1562 3788 1629 3841 τὰ
1663 3790 1784 3841 κατ’

213 3869 375 3934 ἀξίαν
394 3872 575 3940 λέγειν
596 3875 652 3926 ἐν
674 3875 749 3946 τῷ
773 3875 914 3946 ὑπὲρ
941 3877 1096 3940 ἀξίαν
1127 3878 1318 3943 αίτεῖν,
1346 3878 1421 3942 ώς
1448 3879 1514 3931 ἂν
1547 3880 1620 3949 μὴ
1643 3879 1788 3950 λόγῳ

212 3962 608 4036 καθυϐρισθείη
642 3965 701 4016 τὸ
727 3965 1163 4037 εὐφημούμενον.
1207 3967 1428 4019 Ποθεῖτε
1466 3967 1521 4019 δὲ
1569 3967 1788 4029 πάντως

217 4047 432 4124 μαθεῖν,
466 4055 517 4106 τί
544 4056 673 4107 ποτέ
709 4057 856 4110 ἐστιν
883 4057 993 4127 ἀρα
1021 4058 1082 4111 τὸ
1111 4055 1203 4111 νῦν
1240 4057 1680 4129 εὐφημούμενον.
1714 4058 1788 4111 Τὸ

212 4145 274 4198 δὲ
307 4147 591 4217 προδήλως
629 4149 773 4200 ἐστὶν
813 4151 840 4201 6
879 4148 1167 4211 θεσπέσιος
1196 4150 1353 4213 Τίτος
1385 4152 1413 4202 6
1449 4150 1661 4220 πρῶτος
1687 4149 1788 4220 τῆς

212 4231 456 4303 Κρητῶν
497 4234 825 4303 Ἐκκλησίας
866 4233 1140 4304 θεμέλιος,
1185 4237 1285 4298 τῆς
1323 4235 1581 4304 ἀληθείας
1610 4237 1638 4287 6
1671 4235 1791 4288 στύ-

212 4321 330 4384 λος,
357 4323 420 4374 τὸ
448 4323 548 4393 τῆς
573 4322 808 4386 πίστεως
843 4322 1074 4392 ἔρεισμα
1118 4321 1227 4374 τῶν
1261 4321 1477 4390 ἀληθῶν
1505 4322 1789 4391 δογμάτων

1885 3343 2098 3383 meeum
2144 3327 2474 3398 preeemini,
2505 3343 2570 3381 ac
2596 3328 2796 3381 dicatis
2829 3343 2844 3378 :
2892 3327 3032 3380 Doce
3064 3341 3172 3391 me,
3198 3325 3446 3386 Domine.

1883 3424 1938 3469 et
1986 3417 2157 3470 sciam
2209 3415 2348 3484 (29);
2406 3426 2463 3470 ut
2504 3417 2750 3470 noverim
2802 3416 3026 3486 quando
3073 3423 3322 3484 oporteat
3365 3430 3452 3470 me

1885 3506 2031 3575 loqui
2059 3507 2284 3560 verbum
2312 3525 2326 3560 :
2363 3527 2382 3558 ι
2425 3507 2487 3562 Et
2521 3524 2586 3562 ne
2613 3507 2830 3562 auferas
2857 3509 3077 3560 verbum
3113 3507 3358 3560 veritatis
3386 3522 3451 3560 ex

1883 3610 1978 3650 ore
2010 3610 2129 3663 meo
2160 3610 2337 3665 usque
2369 3597 2524 3649 valde
2559 3607 2609 3650 ιι.
2649 3615 2667 3648 ι
2707 3597 2799 3650 Sic
2828 3611 2960 3650 sane
2995 3597 3241 3650 animum
3275 3598 3453 3650 inten-

1885 3686 2142 3741 dentibus
2176 3687 2231 3740 in
2268 3688 2506 3757 subjecti
2529 3689 2833 3759 argumenti
2859 3688 3257 3757 praestantiam,
3294 3687 3454 3741 fuerit

1885 3777 2112 3832 omnino
2147 3779 2437 3833 adeundus
2467 3794 2591 3846 cum
2628 3779 2888 3848 precibus
2929 3779 3151 3833 divinus
3188 3778 3451 3848 Spiritus,

1886 3877 2049 3939 atque
2087 3871 2154 3924 ab
2187 3887 2253 3925 eo
2286 3873 2621 3938 petendum,
2661 3882 2722 3925 ut
2784 3887 2886 3941 pro
2923 3872 3190 3943 dignitate
3225 3887 3457 3927 conces-

1887 3961 2019 4014 serit
2048 3959 2260 4024 dicere,
2287 3961 2342 4015 in
2378 3977 2445 4016 eo
2469 3961 2618 4032 quod
2649 3962 2974 4032 dignitatem
3008 3971 3255 4032 superat,
3298 3973 3356 4015 ut
3390 3978 3458 4018 ne

1887 4053 2030 4123 quod
2073 4055 2354 4124 praeconio
2372 4055 2770 4110 celebrandum
2805 4057 3168 4118 assumimus,
3199 4071 3457 4111 sermone

1888 4146 2188 4202 infametur
2253 4149 2612 4219 vilescatque.
2681 4149 2850 4204 Plane
2920 4166 3054 4205 vero
3121 4151 3459 4205 desideratis

1889 4239 2036 4294 scire
2082 4240 2344 4309 quidnam
2381 4241 2522 4296 laetis
2575 4242 2872 4312 praeconiis
2926 4242 3317 4298 celebrandum
3376 4243 3461 4296 in-

1889 4328 2149 4384 cumbat?
2191 4328 2394 4401 Utique
2424 4332 2773 4387 admirabilis
2813 4333 2905 4388 ille
2935 4341 2991 4386 et
3020 4334 3240 4388 divinus
3275 4333 3460 4396 Titus,

211 4415 242 4466 6
279 4413 562 4484 πρόδολος.
597 4414 756 4475 Τίτος
788 4413 896 4465 τῶν
941 4412 1316 4481 εὐαγγελικῶν
1351 4413 1786 4484 κηρυγμάτωνή

1889 4424 2126 4492 primum
2191 4422 2326 4477 illud
2378 4421 2659 4480 Cretensis
2699 4425 2958 4481 Ecclesia:
3014 4424 3456 4490 fundamentum,

207 4506 480 4574 ἀσίγητος
511 4504 769 4571 σάλπιγξ,
808 4505 868 4557 τὸ
906 4503 1110 4572 ὑψηλὸν
1145 4505 1243 4573 τῆς
1290 4504 1507 4557 Παύλου
1542 4502 1786 4572 γλώττης

1890 4514 2148 4567 columna
2181 4514 2277 4569 illa
2304 4516 2578 4580 veritatis,
2612 4515 2733 4570 ﬁdei
2771 4515 3201 4582 ﬁrmamentum,
3237 4517 3463 4587 dogma-

208 4601 512 4670 ἀπήχημα,
556 4599 656 4668 τῆς
709 4598 948 4674 ἀπλάνου
995 4598 1247 4666 γνώσεως
1289 4600 1317 4651 6
1368 4598 1570 4654 κανών.
1617 4593 1786 4660 Οὗτος

1894 4610 2005 4656 tum
2037 4602 2288 4657 veritatis
2323 4604 2659 4671 prasidium.
2681 4604 2864 4669 Titus,
2892 4606 3141 4676 inquam,
3177 4607 3466 4676 Evangeli-

211 4691 369 4761 ἡμᾶς
406 4693 435 4742 ό
473 4691 645 4759 μέγας
686 4677 955 4760 ἑστιάτωρ
994 4689 1091 4760 τὴν
1143 4691 1525 4760 πνευματικὴν
1563 4691 1786 4742 πανδαι-

1891 4707 2079 4770 earum
2104 4694 2557 4763 praedicationum
2589 4698 2777 4752 nescia
2823 4698 3030 4752 silentii
3081 4701 3249 4764 tuba,
3292 4699 3468 4754 subli-

213 4781 344 4835 σίαν
371 4781 478 4835 τῶν
508 4783 684 4849 λόγων
718 4782 1046 4860 συνεκάλεσε
1081 4783 1324 4852 τήμερον
1346 4795 1364 4812 ⁸
1387 4781 1496 4850 δψα
1529 4780 1628 4851 μὲν
1660 4797 1786 4851 προ-

1891 4786 1995 4840 mis
2024 4783 2270 4840 Paulinae
2312 4787 2511 4858 linguae
2543 4789 2861 4844 resonantia
2885 4831 2899 4854 ,
2934 4805 3075 4846 verae
3108 4791 3353 4846 scientiae
3378 4806 3468 4846 re-

211 4874 334 4937 θεὶς
361 4873 428 4927 τά
468 4874 706 4945 μυστικά
731 4875 830 4944 τῆς
858 4874 1109 4945 ἀγράφου
1141 4873 1332 4942 σοφίας
1351 4890 1366 4905 ο
1405 4873 1515 4926 είτε
1536 4872 1786 4942 θαύματα

1890 4875 2038 4946 gula.
2076 4875 2172 4931 Hic
2203 4892 2304 4933 nos
2349 4894 2585 4949 magnus
2615 4880 2843 4934 conviva
2888 4881 2953 4933 ad
3002 4882 3253 4950 spiritale
3281 4882 3467 4951 splen-

209 4965 327 5038 χρὴ
357 4965 560 5034 λέγειν,
581 4967 691 5019 εἴτε
718 4966 963 5035 δόγματα
987 4981 1000 4995 ⁸
1026 4965 1355 5045 κρατῆριξδὲ
1379 4964 1670 5036 ὑπερφερῆ
1697 4965 1786 5017 καὶ

1893 4965 2245 5023 didissimum
2305 4967 2573 5025 hodierna
2636 4971 2727 5025 die
2763 4973 3089 5026 convocavit
3144 4987 3464 5028 sermonum

213 5059 351 5127 θείῳ
381 5057 714 5129 κιρνὼμενον
746 5058 970 5125 πόματι,
1012 5057 1102 5110 τὸν
1146 5057 1464 5111 συνεκτικὸν
1502 5057 1600 5127 τῆς
1639 5057 1786 5120 θείας

1893 5059 2118 5127 epulum
2147 5075 2162 5112 :
2191 5074 2292 5114 ceu
2322 5059 2547 5131 quidem
2593 5063 2776 5118 edulia
2825 5064 3054 5135 mystica
3101 5080 3211 5120 non
3244 5066 3469 5136 scripta)

210 5146 568 5210 διδασκαλίας
592 5146 749 5213 λόγον
781 5146 943 5198 οίονεὶ
967 5145 1332 5216 προχεόμενόν
1364 5162 1422 5198 τε
1448 5146 1541 5200 καὶ
1571 5147 1786 5216 μετεχό-

1896 5152 2205 5221 sapientiaa,
2245 5154 2364 5210 sive
2402 5157 2670 5212 miracula
2706 5164 2924 5229 oportet
2961 5161 3146 5216 dicere
3199 5162 3319 5217 sive
3370 5161 3469 5216 do-

213 5253 403 5307 μενον.
428 5237 598 5304 Λόγον
623 5237 679 5290 δὲ
711 5239 799 5289 τὸν
829 5237 953 5300 ὀξὺν
984 5239 1076 5290 καὶ
1110 5237 1421 5307 τομώτατον
1443 5236 1584 5310 ὑπὲρ
1612 5240 1786 5294 πᾶσαν

1898 5245 2164 5315 gmatica;
2196 5261 2296 5302 ceu
2331 5257 2512 5304 autem
2543 5253 2869 5320 praeclarum
2925 5265 3218 5319 craterem,
3258 5269 3320 5309 ac
3378 5255 3467 5310 di-

301 5415 319 5455 ι
357 5416 518 5473 Joan.
548 5435 587 5485 I,
635 5418 725 5474 25.
803 5419 1069 5474 ".Mattli.
1101 5434 1185 5484 ιιι,
1217 5419 1270 5474 2.
1349 5429 1376 5456 ι
1417 5418 1772 5484 l'sal.cxvtu,
1802 5418 1891 5474 l5.

1502 5561 1642 5618 COM
1651 5560 1800 5617 BEFI
1809 5559 1893 5618 5η
1925 5558 2158 5617 NOTJE.

296 5654 410 5726 (29)
453 5653 981 5730 _Doce_m¢,_Domine,
1007 5659 1261 5723 asciam,
1287 5667 1394 5714 etc.
1416 5657 1643 5730 videtur
1666 5659 1805 5713 allu-
1908 5659 2202 5714 lectionem
2238 5657 2313 5712 illi
2349 5657 2582 5722 aﬂinem,
2612 5656 2761 5712 Mala
2793 5675 2957 5714 aurea
3000 5660 3054 5713 in
3095 5659 3243 5714 lectis
3282 5677 3469 5730 argen-

219 5723 670 5800 dere'atlgverba
725 5726 878 5800 Pauli
941 5729 1140 5800 Ephes.
1179 5747 1254 5793 tv,
1306 5731 1397 5799 20.
1455 5729 1619 5786 Forte
1667 5746 1798 5785 vero
1909 5731 2044 5797 teis,
2105 5730 2182 5784 sic
2235 5730 2333 5799 qui
2413 5729 2646 5800 loquitur
2698 5730 2910 5784 verbum
2966 5733 3019 5784 in
3083 5741 3314 5799 tempore
3344 5723 3468 5784 ἰιιυ

225 5796 454 5866 respicit
487 5797 668 5852 locum
710 5799 947 5869 aliquem
985 5796 1408 5857 Proverbiorum
1434 5802 1588 5872 juxta
1631 5802 1797 5856 aliam
1908 5796 2058 5873 (ω,
2091 5800 2199 5870 ll).
