4176 6448
780 374 913 439 1143
1957 368 2014 431 5.
2050 374 2149 433 AN
2158 374 2379 433 DREJE
2408 376 2826 436 CRETENSIS
3936 374 4061 435 liii

773 490 903 543 vino
943 498 1303 557 temperatum
1340 496 1472 558 potu
1500 527 1514 549 ,
1554 485 1797 541 divinam
1839 486 2150 541 doctrinam
2194 488 2343 541 velut
2373 494 2415 548 Α

2409 534 2415 547 ,
2448 489 2727 559 μάχαιραν
2752 489 3031 558 δίστομον,
3065 489 3161 541 κα)⁸
3196 487 3576 558 διικνούμενον
3600 489 3731 557 ἄχρι
3772 494 4058 559 μερισμοῦ

774 594 993 632 summa
1022 580 1369 647 complexum
1400 588 1734 640 sermonem,
1778 575 1872 644 qui
1926 576 2338 645 participandus

2451 581 2654 648 σαρκὸς
2694 581 2785 633 καὶ
2814 580 3145 648 πνεύματος,
3166 580 3243 644 ὡς
3274 581 3338 650 δὴ
3367 580 3566 650 μικρὸν
3598 580 3866 651 ὕστερον,
3904 582 3983 642 ὡς
4011 584 4056 631 ἐν

772 681 1135 740 proponetur,
1170 669 1495 739 pt‘opinans.
1522 667 1868 731 Sermonem,
1894 668 2139 737 inquam,
2183 668 2337 720 illum

2447 672 2699 739 ὲπιλόγου
2724 674 2874 738 τάξει
2914 676 3024 734 τοῖς
3070 671 3345 740 φιλοθέοις
3386 673 3716 741 ἐκθήσομαι.
3768 671 3895 724 Νῦν
3927 673 4004 737 δὲ,
4028 675 4055 725 Ξ

768 774 1013 830 acutum,
1056 762 1736 833 penetrabilissimumque
1770 777 1940 830 supra
1971 776 2189 815 onmem
2222 761 2337 830 gla-

2447 763 2599 830 φίλον
2628 765 2766 826 τέως
2801 767 2926 833 ὑμῖν
2970 764 3069 833 μὲν
3106 763 3350 831 ἀκούειν,
3384 764 3507 834 ἐμοὶ
3553 764 3609 817 δὲ
3656 764 3853 832 λέγειν
3891 767 4049 827 εἰκὸς,

765 855 913 909 dium
945 856 1256 925 ancipitem,
1292 866 1336 911 et
1377 856 1776 926 pertingentem
1809 869 1985 923 usque
2010 854 2076 908 ad
2115 853 2339 907 divisio-

1292 866 1336 911 et
1377 856 1776 926 pcrtingcntetn
1809 869 1985 923 usque
2010 854 2076 908 ad
2115 853 2339 907 divisio-
2445 854 2615 908 ταῦτα
2642 856 2935 921 λελέξεται.

766 962 889 999 nem
936 947 1123 1001 carnis
1153 955 1206 1001 et
1231 948 1460 1013 spiritus
1482 986 1496 1011 ,
1534 954 1594 1000 ut
1636 947 1798 1015 paulo
1848 945 2079 1000 inferius
2121 946 2269 999 velut
2308 958 2401 1012 per
2434 948 2705 1003 orationis
2736 950 2976 1019 speciem
3014 947 3105 1003 Dei
3137 947 3455 1002 amantibus
3477 962 3540 1001 ac
3569 946 3845 1015 religioso
3877 947 4044 1000 etetui

763 1056 886 1091 sum
905 1040 1279 1108 expositurus.
1307 1042 1527 1094 interim
1550 1055 1837 1108 vero,quae
1859 1048 1911 1093 et
1931 1054 2029 1093 vos
2057 1046 2307 1092 amanter
2339 1036 2652 1104 audieritis,
2687 1050 2740 1097 et
2778 1042 2905 1095 milii
2950 1043 3135 1096 dicere
3175 1055 3485 1110 congruum
3531 1048 3639 1100 est,
3684 1041 3810 1091 haec
3839 1038 4041 1091 dicam.

835 1134 1057 1189 Maximi
1095 1135 1284 1205 itaque
1317 1138 1490 1206 patris
1518 1137 1636 1190 dies
1669 1134 1847 1190 festus
1866 1135 2110 1189 advenit.
2136 1134 2338 1187 Adeste

2514 1137 2788 1203 Μεγίστου
2840 1137 3021 1189 τοίνυν
3073 1137 3284 1206 πατρὸς
3330 1136 3639 1204 ἐφέστηκεν
3690 1134 3891 1203 ἑορτή.
3944 1135 4040 1186 Καὶ

762 1244 914 1294 vero,
946 1238 1113 1300 atque
1142 1240 1199 1283 ut
1242 1230 1490 1284 benevoli
1527 1229 1643 1294 ﬁlii,
1678 1229 1821 1299 patri
1858 1230 2095 1282 ﬁliorum
2131 1227 2335 1280 amanti

2439 1228 2635 1299 δεῦρο,
2696 1230 2948 1299 καθάπερ
2993 1230 3182 1290 παῖδες
3241 1228 3591 1297 εὐγνώμονες
3636 1227 3716 1295 τῷ
3768 1226 4038 1294 φιλόπ²²ξ²

763 1320 987 1375 laudum
1047 1323 1267 1376 cantica
1328 1321 1649 1376 oﬂ'eramus.
1710 1320 1825 1374 lloc
1883 1320 2027 1374 enim
2081 1328 2333 1374 nostrum

2440 1323 2607 1388 πατρὶ
2651 1321 2775 1383 τοὺς
2813 1320 3019 1389 ὕμνους
3068 1320 3455 1390 προσάξωμεν.
3507 1318 3684 1371 Τοῦτο
3743 1320 3861 1387 γὰρ
3903 1318 4037 1385 αὐτῷ

762 1412 813 1464 in
852 1413 1029 1481 ipsum
1063 1412 1306 1466 debitum
1326 1422 1431 1466 est.
1470 1412 1552 1466 Sit
1575 1412 1734 1467 nobis
1770 1412 2032 1480 templum
2060 1412 2159 1465 hoc
2184 1425 2336 1465 com-

2438 1413 2568 1482 παρ⁸
2590 1411 2748 1482 ἡμῶν
2786 1412 3130 1479 ὲποφείλεται
3171 1412 3354 1482 χρέος.
3390 1411 3640 1463 Γενέσθω
3674 1412 3863 1472 κοινὸς
3896 1403 4036 1471 οὗτος

762 1504 945 1557 munis
988 1504 1054 1555 ad
1106 1502 1480 1558 submitteuda
1535 1502 1723 1556 divina
1776 1503 1995 1557 cantica
2033 1503 2188 1557 locus
2214 1544 2229 1565 ,
2268 1516 2331 1557 ac

2439 1506 2568 1572 ἡμῖν
2602 1508 2629 1557 ό
2651 1504 2785 1566 νεὼς
2811 1504 2918 1556 τῶν
2945 1504 3102 1557 θείων
3130 1503 3317 1573 ὓμνων
3346 1503 3731 1573 ἐπιϐατήριος.
3762 1504 3881 1554 Καὶ
3914 1504 4036 1554 δότω

759 1595 905 1647 velut
926 1609 1215 1665 organum.
1239 1596 1508 1649 Caeterum
1529 1594 1622 1648 det
1644 1595 1804 1649 nobis
1828 1609 2135 1649 sermonem
2174 1595 2332 1649 Pater

2437 1598 2593 1666 λόγον
2625 1600 2755 1667 ἡμῖν
2788 1600 2815 1651 ὁ
2844 1598 2936 1650 τοῦ
2971 1600 3145 1666 Λόγου
3178 1599 3400 1668 Πατὴρ,
3447 1598 3537 1650 τὸν
3569 1598 3853 1667 ἡμέτερον
3898 1614 4033 1665 χειρ-

760 1687 851 1739 ille
877 1686 1184 1751 Sermonis,
1208 1702 1517 1743 sermonem
1558 1696 1813 1741 nostrum
1842 1688 1908 1741 ad
1940 1686 2327 1741 inveniendam

2437 1692 2670 1759 αγωγῶν
2701 1693 2836 1759 πρὸς
2863 1692 2961 1756 τὴν
2982 1691 3081 1761 τῆς
3105 1692 3363 1760 ἀληθείας
3386 1690 3627 1760 εὕρεσιν.
3660 1690 3887 1759 Πρέποι
3914 1690 3957 1741 δ’
3983 1690 4034 1742 ἂν

758 1779 1043 1833 veritatem
1070 1777 1336 1847 dirigens.
1368 1777 1560 1832 Merito
1581 1788 1762 1831 autem
1796 1793 2102 1845 congruum
2139 1777 2326 1842 fuerit,
2367 1835 2402 1855 η

2388 1837 2402 1855 ,
2436 1786 2660 1848 εἰκότως
2690 1786 2812 1854 ἐμοὶ
2839 1787 3044 1855 πατρὸς
3077 1786 3332 1854 ἐπέχοντι
3356 1785 3532 1849 τάξιν,
3564 1783 3696 1843 τοῦς
3732 1799 4032 1850 πνευματιο

757 1878 815 1921 ut
849 1870 945 1939 qui
1005 1870 1180 1938 patris
1238 1880 1423 1939 partes
1478 1871 1819 1933 sustineam,
1868 1870 2098 1938 apicula:
2149 1870 2329 1923 instar
2363 1835 2404 1888 Β

2381 1837 2404 1886 3
2437 1878 2565 1939 κους
2598 1876 2873 1946 λειμῶνας
2903 1876 3168 1946 μελίσσης
3201 1876 3358 1945 δίκην
3412 1874 3852 1944 ἐμπεριελθόντι
3898 1874 4030 1940 φιλο·

755 1961 1041 2027 operosius
1066 1962 1531 2017 circumlustratis
1578 1962 1925 2030 spiritalibus
1973 1961 2169 2028 pratis,
2202 1961 2329 2016 inde

2435 1968 2762 2036 πονώτερον,
2790 1968 3019 2020 αὐτόθεν
3049 1969 3180 2036 ὑμῖν
3223 1967 3533 2035 ὑποστῆσαι
3557 1966 3649 2017 τὸν
3668 1966 3875 2035 ἄνδρα,
3911 1967 4029 2033 πρὸς

754 2054 913 2109 vobis
963 2070 1128 2111 sacro
1186 2054 1254 2108 ab
1302 2053 1477 2109 sacris
1523 2054 1760 2123 eloquiis
1805 2065 1954 2108 serto
2004 2062 2326 2107 coronatum

2432 2060 2541 2111 τῶν
2572 2060 2735 2130 ἱερῶν
2770 2060 2965 2127 λογίων
2994 2060 3155 2129 ἱερῶς
3193 2059 3657 2127 στεφανούμενον.
3696 2059 3935 2110 Δέδοικα
3960 2059 4028 2121 δὲ,

753 2148 933 2200 virum
970 2147 1277 2201 exhibeam.
1319 2144 1528 2201 Vereor
1578 2156 1760 2201 autem
1795 2164 1859 2200 ne
1890 2162 1918 2199 a
1965 2147 2095 2200 recti
2129 2162 2328 2201 cursus

2436 2153 2510 2221 μὴ
2546 2153 2639 2205 τοῦ
2674 2154 2796 2206 κατ’
2820 2152 2948 2204 εὐθὺ
2973 2152 3175 2221 δρόμου
3222 2153 3320 2220 τῆς
3354 2150 3610 2219 βαλϐῖδος
3657 2149 4028 2217 ὑπεκδραμών

754 2238 1075 2293 carceribus
1105 2239 1418 2293 clanculum
1474 2254 1781 2293 excurrens
1836 2254 2017 2292 sermo
2056 2236 2327 2306 propositi

2430 2247 2457 2297 ὁ
2490 2244 2670 2311 λόγος,
2701 2244 2998 2311 ὲξαγώνιος
3022 2244 3277 2311 γένηται·
3318 2245 3410 2295 καὶ
3439 2245 3466 2294 ό
3499 2243 3654 2311 παρὰ
3686 2244 3804 2294 τῶν
3834 2242 4028 2294 θεατῶν

755 2330 1077 2386 certaminis
1137 2339 1315 2385 metas
1380 2332 1647 2394 excedat;
1710 2346 1772 2384 ac
1809 2345 1875 2384 ne
1936 2330 2328 2384 tumultuarius

2432 2338 2813 2407 ἀπηχούμενος
2850 2337 3036 2406 θροῦς,
3085 2338 3171 2389 ἐπ’
3202 2338 3340 2391 ἄλλα
3382 2336 3477 2389 τοῦ
3530 2337 3740 2406 δρόμου
3778 2337 3881 2406 τὴν
3912 2337 4027 2387 θέαν

754 2432 1126 2493 spectatorum
1158 2440 1369 2489 rumor,
1406 2426 1515 2478 alio
1550 2440 1712 2493 quam
1752 2424 1942 2477 tendat
1977 2438 2176 2478 cursus
2203 2438 2320 2491 spe-

2436 2428 2709 2497 μετὰγων,
2741 2429 2841 2497 τῆς
2868 2429 3083 2490 ἐλπίδος
3113 2430 3239 2490 τοὺς
3271 2429 3468 2490 θεατὰς
3493 2428 3873 2480 ἐπικόπτοιτο
3898 2445 3908 2456 ·
3941 2430 4026 2495 τήν

754 2517 1030 2570 ctaculum
1110 2528 1479 2579 convertens,
1549 2518 1735 2571 eadem
1798 2525 2140 2585 spectatores
2201 2530 2328 2584 spes

2433 2538 2488 2573 τε
2533 2522 2782 2589 κραυγὴν
2828 2521 3005 2590 ἀργὴν
3058 2524 3301 2573 ποιοῖντο
3347 2522 3443 2573 καὶ
3488 2521 3808 2590 ἄπρακτον,
3850 2524 3899 2574 οἱ
3944 2520 4024 2572 τοῦ

754 2618 1006 2663 coerceat
1045 2608 1324 2679 edantque
1377 2609 1598 2663 inanem
1631 2618 1684 2663 et
1729 2609 2062 2663 ineﬂicacem
2115 2624 2321 2661 sermo-

2431 2614 2591 2681 λόγου
2613 2615 2700 2666 τὸν
2728 2613 3368 2684 ἐπιϐατηνὲρεθίζοντες.
3393 2613 3537 2683 Πλὴν
3563 2614 3685 2665 ἀλλ’
3704 2616 3751 2665 εἱ
3782 2615 3881 2665 καὶ
3905 2613 4023 2665 πολύ

755 2716 902 2765 nem,
938 2701 1035 2770 qui
1064 2702 1340 2757 sermonis
1369 2716 1644 2756 sessorem
1678 2711 2001 2770 provocant.
2031 2700 2325 2754 Enimvero

2431 2722 2534 2756 που
2570 2706 2667 2774 τῆς
2694 2703 2787 2757 τοῦ
2811 2704 3005 2773 ἀνδρὸς
3048 2704 3203 2769 ἀξίας
3238 2705 3470 2756 κατόπιν
3500 2704 3721 2773 ἀνάγκη
3752 2703 3854 2755 τὸν
3881 2704 4024 2769 λόγον

753 2807 1070 2861 quanquam
1097 2807 1323 2847 necesse
1355 2801 1463 2857 est,
1505 2802 1561 2846 ut
1594 2793 1779 2847 multis
1812 2804 1958 2848 retro
1991 2795 2183 2862 spatiis
2216 2794 2318 2846 viri

2427 2796 2633 2848 ἐλθεῖψ
2666 2796 2822 2849 τοῦτο
2858 2798 2965 2865 γὰρ
2994 2798 3021 2849 ὁ
3056 2796 3164 2849 τῶν
3214 2795 3509 2864 ἐγκωμίων
3544 2795 3808 2864 βούλεται
3840 2797 4019 2863 νόμος·

751 2885 1075 2953 dignitatem
1121 2894 1387 2955 sequatur
1415 2888 1591 2940 oratio
1629 2886 1726 2955 (ita
1769 2888 1915 2941 enim
1948 2887 2324 2940 encomiorum

2427 2891 2549 2950 ταῖς
2582 2888 2711 2955 γοῦν
2741 2889 2835 2939 τοῦ
2883 2889 3037 2956 ἁγίου
3078 2888 3216 2958 πρὸς
3254 2889 3314 2940 τὸ
3355 2888 3502 2939 θεῖον
3534 2887 3887 2950 ἐντεύξεσι-ι,
3921 2889 4020 2939 οἱο-

750 2978 919 3047 exigit
948 2980 1093 3047 lex);
1126 2979 1301 3032 sancti
1336 2979 1705 3033 nihilominus
1740 2981 1805 3032 ad
1842 2978 2008 3032 Deum
2060 2980 2327 3032 interces-

2428 2982 2509 3033 νεί
2535 3000 2645 3033 τισι
2678 2984 2908 3051 ῥυτῆρσι
2934 2980 3122 3034 τοῦτον
3157 2983 3577 3050 ἀναστομώσας,
3601 2977 3723 3033 εἶτα
3759 2982 3904 3052 πρὸς
3936 2984 4025 3050 τὴν

752 3069 1031 3134 sionibns,
1068 3084 1169 3124 ceu
1207 3071 1540 3139 quibusdam
1578 3072 1909 3125 inlrenatum
1944 3072 2098 3135 loris,
2131 3071 2223 3124 ubi
2258 3071 2325 3124 ad

2428 3072 2547 3125 κατ’
2589 3071 2716 3123 εὐθὺ
2758 3072 2981 3139 πορείαν
3011 3071 3196 3141 ᾄττει-ι
3234 3071 3481 3139 σφοδρῶς
3530 3070 3892 3139 παραθήξας,
3942 3070 4024 3120 ἐπὶ

752 3160 883 3213 recti
924 3160 1143 3217 itineris
1171 3176 1397 3215 cursum
1451 3163 1830 3216 vehementius
1866 3163 2220 3231 instigavero,
2257 3163 2320 3216 ad
2350 3185 2392 3242 ρ

2374 3186 2392 3241 ς
2426 3163 2523 3233 τὴν
2554 3162 2756 3215 νύσσαν
2790 3159 2943 3225 αὖθις
2972 3163 3289 3231 μετάγοιμι.
3321 3162 3457 3214 Φίλα
3484 3161 3592 3231 γαρ
3620 3162 3785 3213 ἔσται
3812 3162 4023 3220 πάντως

751 3260 946 3305 metam
987 3254 1245 3323 deinceps
1302 3255 1585 3308 reducam.
1643 3254 1809 3309 Plane
1852 3255 1999 3309 enim
2036 3262 2321 3323 acceptum

2427 3252 2575 3321 αὐτῷ
2608 3251 2677 3305 τὰ
2726 3252 2865 3304 κατὰ
2896 3250 3124 3321 δύναμιν
3148 3270 3158 3280 ·
3199 3253 3279 3303 ὅτι
3306 3270 3363 3303 τε
3416 3252 3739 3321 μετριάζειν
3783 3248 3930 3304 οἶδεν
3967 3253 4022 3302 ἑκ

748 3344 851 3397 erit
895 3346 1039 3415 quod
1094 3344 1372 3399 facultatis
1414 3354 1521 3400 est.
1568 3344 1704 3398 Nam
1749 3358 1806 3400 et
1852 3346 2004 3401 novit
2038 3361 2069 3399 a
2121 3357 2323 3399 natura

2427 3343 2663 3410 φύσεως,
2730 3362 2747 3393 ι
2816 3344 3069 3405 καὶτοῖς
3132 3344 3411 3404 ταπεινοῖς
3472 3343 3938 3409 συ-ιαπαγεσθαι,
4001 3363 4015 3392 ι

751 3436 991 3491 modeste
1016 3452 1201 3508 agere,
1233 3457 1249 3488 ι
1286 3456 1351 3493 ac
1373 3456 1431 3494 se
1456 3439 1760 3492 humilibus
1788 3438 2212 3492 accommodare
2236 3444 2315 3505 °,i

2427 3435 2638 3488 Παῦλον
2668 3436 2947 3490 κάνταῦθα
2972 3436 3337 3506 μιμούμενος.
3367 3437 3504 3505 Φέρε
3534 3436 3589 3489 δὲ
3620 3436 3716 3489 οὖν
3742 3436 4016 3504 λέγωμεν,

749 3530 803 3581 in
836 3529 938 3583 lioc
977 3546 1197 3605 quoque
1226 3533 1458 3585 Paulum
1499 3531 1770 3585 imitatus.
1805 3531 1915 3601 Age
1958 3531 2128 3600 igitur
2166 3531 2320 3583 dica-

2423 3530 2523 3582 ὅσα
2573 3528 2757 3596 λέγειν
2805 3532 2934 3599 ἡμῖν
2971 3530 3387 3599 ἐπιτέτραπται.
3454 3530 3565 3582 Καὶ
3614 3530 3690 3598 μή
3724 3546 3816 3590 τις
3876 3532 4018 3597 ἡμᾶς

748 3636 893 3682 mus,
944 3624 988 3675 si
1035 3606 1164 3690 quid
1227 3623 1387 3678 nobis
1456 3637 1789 3677 concessum
1848 3630 1954 3676 est.
2021 3621 2131 3676 Nec
2188 3636 2320 3676 vero

2426 3623 2744 3691 μωμήσοιτο
2793 3623 2869 3691 τῷ
2914 3622 3156 3692 περιόντι
3193 3622 3301 3673 τῶν
3348 3622 3439 3674 τοῦ
3484 3620 3677 3691 ἀνδρὸς
3723 3620 4016 3689 ἐγκωμίων

747 3713 1036 3781 quisquam
1057 3714 1484 3784 vituperandum
1508 3716 1804 3785 putaverit,
1827 3715 1976 3769 velut
1999 3730 2060 3769 ex
2084 3715 2318 3770 adverso

2423 3714 2513 3765 τὸν
2540 3714 2807 3783 ἡμέτερον
2838 3713 3308 3780 ἁντεπεξάγοντας
3330 3730 3343 3743 ο
3374 3714 3455 3765 ὅτι
3483 3712 3557 3782 μὴ
3580 3712 3750 3780 λόγου
3782 3711 4014 3779 δύναμιν

745 3805 1127 3859 excellentium
1154 3806 1256 3860 viri
1290 3807 1668 3862 encomiorum
1699 3816 1953 3861 nostrum
2004 3821 2316 3861 sermonem

2423 3804 2660 3875 ἔχοντες,
2693 3808 2840 3876 πόθῳ
2872 3809 2927 3861 δὲ
2959 3808 3035 3876 τῷ
3060 3808 3198 3877 πρὸς
3224 3808 3312 3861 τὸν
3338 3808 3515 3875 ἅγιον,
3544 3808 3654 3859 τῶν
3686 3809 3838 3877 ὑπὲρ
3862 3809 4014 3860 623v:-

747 3898 1089 3968 ingeramus.
1122 3898 1241 3954 Non
1275 3900 1420 3955 enim
1440 3899 1588 3954 velut
1617 3906 1875 3970 suppetat
1908 3899 1993 3952 vis
2020 3899 2315 3965 orationis;

2425 3916 2517 3969 μιν
2576 3899 2949 3968 ὲφαπτόμεθα.
3007 3900 3175 3951 Ἔνθα
3215 3899 3269 3951 δὲ
3319 3900 3504 3962 πόθος,
3554 3902 3675 3951 ἐκεῖ
3727 3901 4012 3968 προδήλως

744 3990 839 4043 sed
876 3991 1050 4061 magis
1075 3991 1349 4046 desiderio
1379 3992 1432 4044 in
1463 4000 1740 4055 sanctum,
1762 4005 1882 4059 qua:
1918 3991 2022 4043 vim
2053 4002 2319 4061 superant

2422 3990 2587 4059 φόϐος
2618 3992 2761 4053 ἅπας
2808 3992 3106 4062 ἁφῄρηται’
3160 3994 3249 4044 καὶ
3301 3994 3437 4044 ὅπου
3491 3991 3667 4059 λόγων
3719 3992 4012 4061 ἐλευθερία

743 4083 1153 4149 prmsumimus.
1188 4083 1292 4139 Ubi
1322 4092 1504 4137 autem
1538 4091 1623 4137 est
1654 4082 2009 4146 desiderium,
2036 4083 2211 4149 palam
2234 4091 2318 4135 est

2421 4083 2880 4152 παρρησιάζεται,
2911 4081 3113 4144 δειλίας
3154 4084 3213 4134 οὐ
3258 4083 3675 4151 παρυφίσταται
3720 4082 4009 4150 λείψανον.

744 4174 1022 4227 sublatum
1057 4190 1181 4230 esse
1212 4176 1467 4231 timorem
1498 4189 1717 4228 omnem
1757 4191 1770 4227 :
1804 4182 1968 4243 atque
2002 4174 2095 4229 ubi
2144 4174 2316 4229 libera

2420 4173 2899 4244 Παραιτητὲονοῦν
2922 4173 3175 4243 οὐδαμῶς
3204 4176 3376 4226 εἰπεῖν
3402 4174 3467 4226 τὰ
3486 4176 3567 4235 εἰς
3596 4173 3865 4241 δύναμιν,
3896 4174 4009 4225 οὐδὲ

741 4274 825 4321 est
852 4282 1173 4322 sermonum
1205 4267 1464 4327 libertas,
1499 4281 1568 4320 ne
1602 4266 1841 4319 minima!
1880 4266 2194 4321 timiditatis
2230 4283 2318 4320 re-

2421 4265 2793 4334 σιωπητέον,ἂ
2811 4266 3099 4335 κηρύττειν
3124 4266 3284 4317 ὅσιον·
3319 4267 3398 4318 ὃτι
3421 4267 3495 4335 μὴ
3517 4265 3694 4335 λήθης
3722 4266 3907 4318 ταῦτα
3932 4266 4009 4334 ξη-

743 4360 926 4428 liquie
949 4361 1295 4415 consistunt.
1323 4359 1639 4413 Cavendum
1671 4372 1803 4427 ergo
1843 4373 1912 4413 ne
1955 4360 2111 4413 nullo
2153 4360 2315 4416 modo

2419 4358 2529 4421 θοῐς
2570 4358 2629 4410 τὸ
2670 4358 2891 4427 Πνεῦμα
2923 4356 3402 4424 συγκαλύπτεσθαι
3432 4357 3705 4427 βούλεται.
3742 4358 4007 4410 Βοόλεται

740 4453 992 4507 dicamus
1032 4467 1153 4521 quae
1204 4449 1438 4504 facultas
1498 4449 1789 4514 concedit,
1830 4464 1894 4503 ac
1949 4466 2016 4504 ne
2051 4451 2314 4507 sileamus

2421 4449 2530 4518 γὰρ
2564 4451 2802 4518 μετρίως
2828 4449 2890 4515 γέ
2928 4464 3042 4509 πως
3083 4447 3223 4500 αὑτᾶ
3268 4450 3381 4510 τοῖς
3420 4449 3520 4503 οὐκ
3561 4447 3763 4499 εἰδόσιν
3804 4450 4006 4515 ἐκφαν-

739 4558 862 4610 qua:
925 4552 1180 4597 sanetum
1233 4540 1401 4593 fuerit
1455 4538 1775 4609 praedicare,
1829 4539 2046 4595 nolente
2103 4540 2313 4611 Spiritu
2346 4521 2388 4580 θ

2355 4521 2392 4580 D
2419 4542 2579 4611 θῆναι
2606 4559 2617 4571 ·
2650 4540 2855 4592 δίκαιον
2885 4538 2992 4609 γάρ
3016 4554 3028 4566 ·
3057 4537 3131 4600 ὡς
3169 4537 3233 4590 ἂν
3261 4538 3397 4607 πρὸς
3425 4536 3587 4606 ζῆλον
3626 4538 3724 4590 καὶ
3764 4540 4004 4608 μίμησιν

739 4630 1038 4685 oblivionis
1068 4629 1345 4700 profundo
1369 4630 1497 4696 tegi.
1523 4627 1652 4682 Vult
1680 4629 1953 4699 siquidem
1985 4641 2043 4683 ut
2070 4633 2315 4687 modeste

2413 4632 2609 4693 αὐτοὺς
2640 4628 3026 4698 προτροπάδην
3066 4626 3332 4694 ὲνὰγοιεν.
3390 4626 3554 4678 Ὥστε
3592 4644 3689 4695 μοι
3738 4628 3844 4695 τὴν
3880 4644 4003 4679 σιω-

739 4728 793 4773 ct
818 4722 901 4775 vel
926 4720 1108 4789 aliqua
1124 4727 1280 4790 parte
1304 4718 1682 4775 nescientibus
1701 4718 2051 4774 declarentur
2070 4739 2083 4775 :
2111 4723 2313 4791 quippe

2413 4724 2522 4793 πὴν
2547 4723 2647 4775 οὐκ
2669 4720 2979 4789 ἀναγκαίαν
3004 4715 3144 4772 εἶναι
3197 4720 3256 4770 ὲν
3302 4717 3381 4788 τῷ
3409 4718 3638 4788 παρόντι
3687 4718 3860 4772 δοκῶ.
3899 4720 4006 4771 Καὶ

736 4814 945 4881 justum
977 4818 1081 4876 est,
1114 4826 1224 4880 quo
1258 4810 1335 4864 ad
1357 4809 1665 4865 aztnulanda
1700 4811 2077 4882 imitandaque
2106 4829 2205 4867 ceu
2244 4830 2312 4869 ex

2412 4817 2518 4885 γὰρ
2550 4809 2686 4885 ἧκεν
2717 4817 2745 4867 ό
2782 4814 2941 4881 λόγος
2972 4815 3105 4884 ἡμῖν
3146 4812 3233 4864 ἐπ’
3272 4810 3403 4865 αὐτὸ
3431 4810 3525 4862 τοῦ
3576 4811 3786 4863 σκοποῦ
3820 4812 3881 4863 τὸ
3913 4829 4002 4863 κε-

739 4906 1042 4961 eommisso
1074 4903 1434 4959 inducantur.
1461 4901 1834 4971 Quamobrem
1884 4903 2311 4975 haudquaquam

2412 4907 2657 4975 φαλαιον,
2708 4906 2791 4974 ἐφ’
2835 4906 2863 4958 ὃ
2905 4903 2993 4959 καὶ
3040 4904 3107 4957 δι’
3150 4904 3287 4973 ὅπερ
3329 4904 3461 4971 ἡμῖν
3508 4904 3537 4954 ὁ
3584 4904 3694 4965 πᾶς
3738 4902 4002 4972 ὥρμηται

740 4998 1026 5053 silentium
1059 4997 1192 5051 mihi
1225 4996 1278 5049 in
1323 4994 1745 5065 praesentiarum
1811 5011 1843 5050 e
1881 5012 1940 5050 re
1964 4998 2173 5066 judico.
2218 5000 2310 5055 Et-
2420 5000 2600 5060 πόθος.

739 5091 888 5144 enim
939 5088 1054 5157 jam
1103 5088 1252 5146 venit
1285 5088 1466 5143 oratio
1529 5086 1595 5142 ad
1644 5088 1823 5157 ipsum
1884 5089 1960 5143 rei
1995 5092 2287 5161 propositae
2314 5100 2501 5165 caput,
2531 5091 2595 5145 ad
2630 5090 2801 5159 quod,
2827 5098 2880 5143 et
2912 5088 3071 5157 cujus
3101 5087 3276 5157 gratia
3323 5094 3575 5139 nostrum
3639 5100 3812 5141 omne
3846 5088 3995 5141 desi-

745 5178 950 5235 derium
983 5190 1088 5238 est.

812 5268 949 5335 Quis
991 5271 1176 5340 itaque
1216 5282 1448 5338 magnus
1483 5268 1573 5323 hic
1621 5280 1677 5324 et
1731 5271 2068 5340 conspicuus
2123 5272 2302 5341 Titus,

2485 5274 2831 5345 Τοιγαροῦνὸ
2858 5274 3031 5341 μέγας
3070 5266 3224 5334 οὗτος
3265 5271 3356 5324 καὶ
3396 5268 3763 5339 περίϐλεπτος
3813 5273 3996 5331 Τίτος,

739 5379 903 5433 quem
936 5368 1125 5416 nostra
1154 5360 1447 5416 duodecim
1481 5362 1722 5433 glorians
1756 5363 1979 5419 sedibus
2006 5365 2138 5434 (50),
2168 5369 2312 5423 velut

2417 5366 2476 5421 ὃν
2525 5369 2557 5436 ὴ
2613 5366 2734 5420 καθ’
2774 5366 2922 5437 ἡμᾶς
2982 5363 3250 5433 ἠνέγκατο
3310 5362 3713 5433 δωδεκάδρονος
3767 5365 3995 5433 Κρήτη,

817 5482 840 5508 °
883 5480 1044 5535 Rom.
1081 5496 1174 5545 xu,
1211 5480 1293 5534 16.

2047 5603 2436 5663 ΕΟΜΒΕΕῚΞΠ
2472 5608 2704 5664 NOTAE.

822 5693 932 5771 (ὅθ)
981 5693 1263 5745 Duodecim
1295 5687 1550 5771 _9l_urtans
1605 5692 1853 5771 sedibut._
1883 5695 2310 5771 Δωδεκάθρο-ιος.
2425 5700 2574 5754 bium
2606 5718 2870 5758 numerus
2906 5721 2919 5756 :
2956 5716 3065 5771 qua
3086 5702 3153 5771 de
3176 5713 3235 5754 re
3259 5695 3499 5753 Ortelius
3527 5705 3577 5751 et
3610 5694 3703 5749 alii
3737 5695 3790 5746 in
3819 5693 3999 5748 Creta:

745 5762 1044 5819 l‘auciores
1099 5778 1244 5817 nunc
1295 5761 1473 5821 habet.
1509 5771 1565 5817 ut
1602 5762 1705 5817 fuit
1735 5763 1890 5818 valde
1941 5761 2182 5822 minutus
2226 5786 2316 5823 ur-
2424 5771 2626 5828 tabulis
2651 5779 2705 5827 et
2734 5761 3219 5843 desc"iptiortibus.
