4176 6448
241 402 379 467 1145

1435 404 1517 463 ΙΝ
1547 404 2002 465 APOSTOLUM
2036 406 2299 465 'l‘l'l‘UM.

3356 397 3493 464 1146

235 509 578 579 ἀποστολικῷ
623 507 963 578 τετιμημένη
1031 507 1375 577 συμϐολικῶς
1431 510 1671 581 ἀριθμῷ.
1717 511 1812 573 Τίς

1917 512 2224 580 apostolico
2271 511 2575 581 symbolice
2634 509 2967 564 hunestante
3025 522 3281 575 numero,
3329 509 3490 565 Creta

242 602 339 672 μὲν
368 598 459 654 οὖν
492 599 756 669 ἐτύγχανε
787 599 863 651 τά-
895 599 1109 668 πρώτα,
1142 600 1235 651 καὶ
1266 600 1393 653 οἴων
1431 599 1532 669 ἔφυ
1586 600 1807 666 γονέων,

239 693 334 747 καὶ
369 694 470 762 τῆς
497 690 786 744 ὁποιασοῦν
818 690 972 760 ῥίζης
1008 690 1366 762 ἐξεϐλάστησε
1397 692 1574 761 ὅρπηξ
1594 733 1607 755 ,
1637 693 1812 759 λέγειν

234 786 338 838 οὐκ
364 786 666 851 ἀναγκαῖον
704 784 860 853 ἐμοί’
889 784 970 835 ὅτι
1010 784 1084 854 μὴ
1133 785 1274 837 κατὰ
1310 784 1425 853 βίου
1469 786 1746 855 διήγησιν,
1779 785 1812 856 ἢ

238 878 360 932 καθ’
413 876 654 946 ἱστορίας
715 875 901 944 νόμον,
953 875 982 926 ὁ
1042 874 1234 944 παρών
1303 892 1404 945 μου
1461 876 1814 929 συντέτακται

237 969 415 1037 λόγος,
453 968 591 1036 πλὴν
640 968 688 1018 εί
739 964 815 1035 μὴ
858 964 977 1018 κατ’
1018 965 1293 1035 ὲγκωμίου
1331 966 1559 1033 δύναμιν
1589 966 1813 1037 παροδι-

239 1060 354 1121 κῶς
387 1059 753 1128 ἐσχεδίασται.
792 1056 940 1109 Φιλεί
963 1056 1073 1125 γὰρ
1098 1056 1171 1117 ὡς
1204 1057 1271 1108 τά
1302 1056 1471 1109 πολλὰ
1499 1057 1621 1128 τῶν,
1640 1059 1815 1125 ἐγκω-

242 1147 544 1219 μιαζόντων
589 1150 617 1202 ὁ
658 1145 831 1215 λόγος,
869 1147 995 1208 τους
1040 1146 1377 1213 πολυσχιδείς
1430 1145 1537 1197 τῶν
1584 1123 1817 1215 μακρῶν

241 1239 532 1306 ἐκφεύγειν
586 1235 969 1306 ἀφηγημάτων
1022 1234 1293 1297 διαύλους,
1346 1235 1420 1297 ὡς
1472 1234 1537 1287 ἂν
1586 1235 1661 1306 μὴ
1709 1234 1817 1287 τῶν

241 1329 547 1383 άκουόντων
615 1327 1076 1389 ἀποκναισθέντες
1142 1327 1321 1389 τινὲς,
1387 1310 1664 1397 προσκορῆ
1725 1326 1819 1379 τὸν

242 1419 399 1486 λόγον
434 1421 671 1489 ἡγοῖντο,
695 1420 761 1487 τῇ
798 1418 959 1488 ἀηδίᾳ
991 1418 1090 1485 τῆς
1119 1418 1503 1488 μακρηγορίας
1544 1417 1818 1487 βαρούμε-

240 1528 344 1563 νοι.
388 1509 529 1578 Ἐγὼ
580 1510 635 1561 δὲ
669 1508 703 1560 ἃ
742 1508 1007 1561 συνοίσειν
1037 1502 1155 1571 οἶδα
1201 1512 1316 1572 τοῖς
1354 1526 1413 1561 τε
1463 1507 1819 1577 συνειλεγμέ-

240 1615 373 1662 νοις,
397 1601 561 1667 κάμοὶ
577 1601 652 1669 τῷ
672 1601 772 1670 τὴν
799 1601 1172 1670 πνευματικὴν
1188 1600 1298 1653 τῶν
1328 1600 1499 1666 λόγων
1525 1601 1652 1668 ὑμῖν
1684 1618 1821 1653 παν-

239 1691 456 1745 δαισίαν
479 1694 835 1762 προτείνοντι,
855 1692 1026 1746 ταῦτά
1056 1710 1220 1761 φημι,
1236 1691 1329 1743 τοῦ
1350 1693 1508 1759 λόγου
1532 1693 1629 1763 τὴν
1646 1694 1819 1763 ἀρχὴν

239 1785 467 1838 αὐτόθεν
499 1785 840 1855 ποιούμενος,
870 1786 991 1838 ὅθεν
1026 1785 1191 1838 αὑτὸν
1221 1786 1349 1855 ἡμῖν
1387 1787 1419 1855 ὴ
1447 1785 1608 1856 χάρις
1641 1786 1815 1854 ἐγνώ-

244 1892 415 1946 ρισεν.

326 1966 626 2037 ’Υπεριδὼν
656 1967 764 2037 γὰρ
798 1961 952 2030 οὗτος
983 1968 1076 2019 καὶ
1109 1964 1300 2035 γένους
1346 1968 1438 2020 καὶ
1466 1968 1694 2021 πλούτου
1729 1972 1820 2022 καὶ

242 2060 597 2128 περιφανείας
636 2060 875 2127 ἁπάσης,
905 2059 1003 2127 ὅση
1037 2075 1093 2108 τε
1133 2057 1255 2109 καθ’
1291 2058 1561 2128 ’Έλληνας
1594 2060 1819 2130 ἐκράτει

237 2152 384 2213 τότε,
417 2152 515 2203 καὶ
543 2153 641 2218 ὅση
674 2148 825 2218 παρά
868 2149 978 2202 τῶν
1021 2148 1288 2202 σεϐόντων
1335 2149 1404 2202 τὰ
1433 2151 1627 2204 εἴδωλα
1666 2168 1819 2221 περι-

237 2243 470 2311 εκέχυτο
498 2242 626 2306 δόξα
646 2260 657 2270 ι
684 2242 903 2294 πάντων
926 2257 981 2292 τε
1009 2240 1336 2307 καταφανῶς
1357 2241 1653 2311 ἀλογήσας,
1688 2245 1817 2312 μιᾶς

238 2334 700 2401 ἑπεθύμειδὸξης,
733 2331 827 2385 τοῦ
861 2335 1037 2384 πᾶσαν
1070 2333 1169 2401 μὲν
1208 2334 1428 2401 ἀφεῖναι
1457 2334 1555 2402 τὴν
1586 2335 1818 2403 πάτριον

238 2426 537 2479 ’πολυθεῖαν
586 2428 680 2478 καὶ
728 2425 1099 2495 δεισιδαίμονα
1142 2426 1372 2493 πλάνην,
1424 2427 1592 2495 μόνης
1623 2428 1679 2480 δὲ
1719 2430 1818 2496 τῆς

240 2518 362 2571 καθ’
408 2520 553 2588 ἡμᾶς
604 2516 777 2585 Ἰησοῦ
817 2516 1103 2585 θεοσοφίας
1143 2517 1283 2569 κατὰ
1330 2519 1544 2587 μέθεξιν
1580 2520 1818 2590 ἄρρητον

243 2611 603 2679 μεγαλοφυῶς
647 2610 1072 2679 ἐπιδράξασθαι,
1120 2610 1211 2661 καὶ
1245 2610 1362 2671 ὅλος
1393 2610 1513 2662 ὅλου
1558 2611 1817 2678 γενέσθαι

244 2702 334 2755 τοῦ
369 2701 621 2769 ἐραστοῦ,
655 2702 750 2753 καὶ
789 2700 887 2768 τῆς
917 2701 1311 2770 Χριστιανικῆς
1346 2699 1580 2770 μερίδος.
1618 2702 1725 2753 Καὶ
1756 2702 1817 2765 δὴ

240 2796 335 2845 καὶ
368 2793 631 2861 γεγένητο
658 2831 672 2854 ,
706 2792 1180 2862 προσκεκληκὸτος
1217 2792 1379 2846 αὑτὸν
1403 2794 1500 2846 τοῦ
1537 2792 1695 2855 Θεοῦ,
1727 2793 1819 2845 καὶ

238 2882 317 2951 τῷ
348 2882 523 2933 πάντα
544 2880 831 2948 φωτίζοντι
867 2880 1138 2949 πνεύματι
1170 2882 1268 2943 τάς
1292 2882 1511 2951 τρίϐους
1543 2883 1688 2950 αὐτῷ
1721 2882 1816 2949 τῆς

239 2972 501 3040 ἀληθείας
521 2974 612 3023 ἐπὶ
631 2971 691 3023 τὸ
722 2971 1080 3039 εὑαγγελικὸν
1101 2971 1510 3039 διομαλίσαντος
1533 2974 1813 3040 κήρυγμα.

252 3064 539 3118 Ἐντεῦθεν
583 3063 662 3133 τῷ
711 3063 917 3132 φαεινῷ
975 3063 1261 3132 λαμπτῆρι
1307 3064 1402 3132 τῆς
1450 3064 1816 3132 άποστολικῆς

1873 654 1880 662 ,
1919 604 2088 655 tulit?
2138 603 2273 668 Quis
2309 618 2337 655 a
2372 604 2544 670 prima
2577 610 2736 655 aetate
2774 600 2978 664 fuerit,
3017 600 3291 669 quibusve
3333 612 3494 656 natus

1917 696 2264 762 parentibus,
2295 708 2358 745 ac
2386 706 2453 746 ex
2486 706 2590 757 qua
2621 689 2840 744 demum
2870 689 3055 743 radice
3087 689 3343 744 surculus
3375 703 3494 758 ger-

1917 772 2236 847 miua‘verit,
2288 784 2713 852 haudquaquam
2763 780 3046 834 habuerim
3083 795 3222 850 opus
3266 779 3492 844 dicere;

1915 876 2010 945 qui
2050 891 2158 930 non
2210 876 2354 929 velut
2385 873 2702 929 enarrando
2734 874 2927 936 vitam,
2963 886 3026 925 ac
3055 871 3211 941 juxta
3249 871 3495 926 historia:

1918 971 2114 1038 legem,
2153 968 2371 1021 huncce
2407 978 2717 1020 sermonem
2760 963 3196 1032 composuer-im,
3238 977 3339 1017 nec
3385 963 3492 1017 nisi

1918 1075 2017 1128 pro
2048 1058 2286 1113 encomii
2318 1059 2533 1109 ratione
2562 1056 2747 1109 obiter
2778 1055 3098 1108 erudierim.
3119 1053 3332 1122 Quippe
3356 1055 3473 1107 sole

1920 1151 2240 1219 plerumque
2258 1146 2649 1201 encomiastica
2678 1146 2855 1197 oratio
2882 1158 3198 1211 magnarum
3224 1142 3496 1196 narratio-

1919 1257 2047 1295 num
2078 1239 2246 1294 veluti
2282 1238 2599 1300 reciprocos
2628 1251 2691 1289 ac
2723 1235 3057 1302 multiplices
3080 1233 3258 1287 vitare
3290 1232 3493 1286 circui-

1919 1340 2030 1398 tus,
2090 1341 2149 1385 ut
2218 1346 2285 1384 ne
2331 1330 2422 1399 qui
2478 1328 2765 1382 auditores
2818 1325 3117 1395 injucunda
3175 1324 3494 1393 prolixitate

1920 1422 2109 1477 oﬂeusi
2144 1423 2490 1491 gravatique,
2519 1418 2813 1473 taediosum
2864 1430 3176 1470 sermonem
3210 1414 3495 1467 existima-

1921 1518 2121 1587 verint.
2157 1512 2423 1581 Equidem
2458 1512 2502 1565 si
2533 1526 2642 1579 qua
2673 1524 2879 1562 novere
2922 1505 3321 1567 conducibilia,
3375 1513 3491 1557 tum
3564 1504 3571 1509 ’

1921 1608 2156 1661 collecto
2183 1606 2373 1668 coetui,
2416 1615 2527 1656 tum
2574 1603 2706 1656 mihi
2757 1601 2861 1669 ipsi
2907 1600 2996 1668 qui
3046 1597 3291 1667 spiritale
3334 1595 3493 1651 vobis

1922 1711 2237 1751 sermonum
2292 1694 2605 1749 convivium
2668 1706 2907 1762 appono.
2956 1690 3069 1743 haec
3108 1689 3311 1755 dicam,
3363 1685 3491 1739 inde

1924 1787 2195 1841 sermonis
2247 1785 2395 1839 dicto
2436 1782 2700 1843 exordio,
2743 1780 2887 1834 unde
2937 1794 3061 1833 eum
3113 1777 3273 1831 nobis
3318 1776 3491 1845 gratia

1916 1888 2114 1932 .notum
2153 1878 2300 1933 fecit.

1992 1972 2089 2025 llic
2124 1971 2290 2035 enim,
2323 1980 2379 2024 et
2412 1983 2611 2038 genere
2654 1975 2839 2036 spreto
2870 1973 2922 2018 et
2958 1964 3190 2025 divitiis,
3230 1961 3492 2030 omnique

1919 2063 2236 2132 splendore,
2288 2077 2350 2113 ae
2401 2061 2446 2115 si
2494 2077 2599 2129 qua
2656 2060 2707 2112 id
2760 2056 3023 2125 temporis
3081 2054 3222 2123 apud
3269 2052 3492 2107 Graecos

1918 2157 2189 2210 obtineret
2215 2153 2347 2223 (3|),
2380 2155 2423 2207 si
2456 2169 2563 2221 qua
2590 2152 2755 2205 etiam
2779 2150 2846 2203 ab
2882 2149 3152 2202 idolorqu
3181 2144 3493 2199 cultoribus

1920 2249 2163 2316 undique
2188 2245 2363 2301 ail'usa
2401 2245 2577 2316 gloria
2602 2252 2769 2306 esset,
2803 2242 3171 2309 omnibusque
3200 2237 3494 2308 perspicue

1920 2340 2205 2407 neglectis,
2250 2339 2385 2391 hanc
2424 2353 2585 2391 unam
2632 2336 2860 2405 gloriam
2895 2333 3247 2387 desiderabat
3276 2347 3289 2384 :
3320 2339 3377 2382 ut
3408 2332 3491 2381 ui-

1921 2433 2115 2485 mirutn
2148 2442 2432 2501 paternam
2455 2445 2670 2483 onmem
2699 2428 2934 2503 plurium
2962 2426 3185 2479 deorqu
3212 2423 3491 2490 deceptio-

1921 2538 2082 2586 nem,
2154 2538 2215 2573 ac
2283 2519 2729 2586 superstitiosum
2796 2530 3039 2571 errorem
3106 2512 3489 2580 relinqueret,

1921 2618 2164 2665 uestram
2193 2618 2372 2663 autem
2400 2608 2527 2663 Jesu
2564 2608 2885 2677 religionem
2915 2604 3175 2658 inell‘abili
3199 2601 3492 2671 participio

1918 2702 2340 2767 magnanimiter
2367 2699 2821 2768 apprehenderet,
2866 2705 3122 2763 totusque
3155 2694 3326 2747 totius
3352 2707 3481 2760 pra:-

1918 2792 2117 2859 cupide
2153 2792 2340 2854 amati,
2376 2806 2441 2844 ac
2473 2789 2914 2843 Christianorum
2944 2785 3184 2855 partium
3219 2784 3390 2838 fieret.
3417 2783 3493 2836 Ac

1921 2883 2082 2950 plane
2128 2884 2198 2935 ita
2246 2883 2447 2946 evenit,
2492 2888 2727 2933 vocante
2779 2878 2912 2941 Deo,
2949 2891 3012 2928 ac
3047 2874 3254 2943 Spiritu
3306 2873 3488 2927 omnia

1922 2974 2231 3026 illustraute
2260 3013 2273 3036 ,
2329 2972 2578 3026 veritatis
2618 2970 2665 3021 ei
2701 2968 2929 3023 semitas
2983 2965 3051 3018 ad
3107 2963 3489 3032 Evangelicam

1922 3065 2366 3133 pricdicationem
2404 3062 2813 3130 complanante.
2849 3058 2986 3111 llinc
3037 3054 3330 3124 splendido
3362 3068 3492 3121 apo-

235 3155 584 3226 ὅμηγύρεως,
608 3154 806 3224 Παύλῳ
832 3154 897 3224 δὴ
918 3154 1080 3222 λέγω,
1110 3153 1187 3223 τῷ
1212 3154 1349 3206 κατά
1375 3155 1535 3223 νόμον
1553 3155 1813 3223 ἐννόμως,

1921 3156 2098 3209 Stolici
2132 3164 2309 3207 uetus
2345 3153 2627 3213 luminari,
2660 3149 2856 3212 Paulo,
2888 3149 3135 3213 inquam,
3169 3145 3262 3213 qui
3287 3143 3340 3196 iu
3378 3142 3493 3211 lege

240 3249 338 3299 καὶ
371 3247 512 3300 κατά
546 3248 705 3316 χάριν
726 3248 784 3299 ἐν
813 3247 996 3316 χάριτι
1027 3246 1408 3316 διαπρέψαντι,
1451 3246 1815 3314 συμπλακεὶς,

236 3339 439 3400 ὀπαδδς
498 3339 594 3391 καὶ
654 3337 986 3407 συνέκδημος
1034 3338 1285 3405 γίνεται·
1334 3338 1427 3389 καὶ
1475 3338 1566 3390 τὸν
1608 3339 1816 3390 ἐκείνου

237 3429 400 3500 ζῆλον
434 3428 511 3498 τῷ
539 3429 638 3499 ἴσῳ
672 3428 815 3498 ζήλῳ
855 3428 1213 3499 μιμούμενος,
1257 3427 1503 3498 ζηλωτὴς
1532 3430 1627 3482 καὶ
1658 3431 1817 3492 αὐτὸς

237 3520 645 3574 ἀναδείκνυται.
678 3520 788 3573 Καὶ
829 3520 893 3588 δὴ
937 3520 1279 3589 μεταστάτης
1312 3518 1404 3571 τοῦ
1439 3520 1693 3589 πατρῴου
1728 3521 1817 3572 v6-

241 3627 349 3679 μου
368 3610 682 3680 λεγόμενος,
709 3611 802 3664 καὶ
828 3614 925 3681 τῆς
962 3610 1180 3680 ἐθνικῆς
1212 3611 1423 3673 ἑννοίας
1448 3612 1547 3681 τὴν
1572 3613 1818 3664 διάκενον

236 3700 689 3771 ἐθελοθρησκείαν
731 3700 1252 3769 ἀποσκευασάμενος
1278 3740 1292 3763 ,
1334 3703 1415 3764 είς
1443 3703 1668 3772 οὐρανὸν
1694 3703 1816 3755 ὅλον

238 3794 264 3807 α

234 3792 306 3845 δι’
345 3792 465 3845 ὅλου
519 3791 788 3861 μετέθηκε
826 3792 884 3846 τὸ
934 3792 1263 3862 πολίτευμα.
1300 3796 1365 3845 Ὅ
1401 3794 1457 3845 δὲ
1505 3795 1701 3864 μικροῦ
1747 3813 1814 3865 με

233 3884 487 3953 διέφυγε,
516 3884 896 3955 παραδραμεῖν
925 3885 1021 3954 οὐχ
1059 3886 1224 3938 ὅσιον.
1261 3888 1459 3955 Ἔτυχε
1489 3889 1698 3939 τουτονὶ
1726 3889 1815 3939 τὸν

232 3975 467 4043 διασανῆ
493 3974 585 4026 τοῦ
612 3974 847 4043 Χριστοῦ
882 3976 1247 4043 μαργαρίτην,
1268 3977 1359 4028 τον
1384 3978 1652 4046 πολυτελῆ
1672 3979 1815 4046 λέγω

231 4064 402 4130 λίθον,
442 4067 539 4134 οὑχ
580 4061 742 4136 ἦττον
789 4066 821 4133 ἢ
871 4064 961 4117 τὸν
1002 4065 1095 4118 τοῦ
1156 4068 1461 4135 Ζοροϐάϐελ.
1499 4068 1645 4121 λίθον
1672 4072 1814 4123 ἐπτά

230 4155 533 4224 ὀξθαλμοῖς
566 4156 963 4225 κοσμούμενον,
996 4157 1105 4225 ὅσῳ
1134 4158 1229 4209 καὶ
1262 4159 1371 4211 τῶν
1400 4159 1638 4229 χαρίτων
1678 4178 1813 4212 κατ-

228 4246 463 4314 εκόσμει
494 4246 587 4297 τὸν
634 4246 921 4312 στέφανον,
969 4249 1239 4315 συγγενέα
1286 4250 1377 4301 τὸν
1408 4251 1659 4319 τηνικάδε
1714 4248 1812 4321 τῆς

226 4335 415 4408 χώρας
449 4336 759 4389 ἀνθύπατον
786 4337 951 4407 ἔχειν,
997 4340 1090 4392 καὶ
1120 4342 1246 4401 τοὺς
1280 4341 1420 4392 κατὰ
1454 4342 1609 4407 γένος
1642 4360 1811 4410 προσ-

224 4429 499 4495 ήκοντας,
546 4420 627 4489 οἷς
680 4426 867 4489 Μίνως
917 4428 1012 4478 καὶ
1078 4428 1452 4497 Ῥαδάμανθυς
1496 4431 1544 4482 οἱ
1582 4433 1645 4483 ἐκ
1689 4432 1810 4495 Διὸς

224 4520 405 4587 ⁴ἤστην
436 4517 789 4587 πρωτόγονοι.

308 4608 411 4659 Καὶ
443 4608 507 4677 δὴ
542 4606 619 4675 τῷ
666 4608 856 4677 κράτει
912 4608 1009 4665 τεοῦ
1066 4610 1363 4676 συγγενέος
1410 4612 1806 4682 ἐπιθαρσήσας,

221 4699 493 4768 οὐμενοῦν
528 4701 579 4751 εί
610 4717 660 4751 τι
692 4701 786 4751 καὶ
810 4699 916 4750 δέοι
958 4700 1150 4752 παθεῖν
1179 4701 1381 4763 δείσας,
1428 4702 1598 4770 καλὴν
1632 4704 1810 4773 ἐαυτῷ

220 4791 333 4859 τῆς
361 4792 442 4852 εἰς
470 4790 701 4858 Χριστὸν
733 4790 964 4853 πίστεως
986 4833 999 4855 ,
1036 4792 1133 4861 τὴν
1161 4794 1218 4843 ἐν
1255 4794 1543 4862 γράμματι
1583 4795 1808 4863 νομοθεο

224 4880 353 4934 σίαν
381 4879 697 4949 ὑποϐάθραν
728 4878 1029 4948 προῦθηκε.
1056 4881 1375 4951 Περιτυχὼν
1410 4882 1514 4952 γάρ
1544 4883 1652 4935 τῶν
1678 4886 1808 4937 Μω-

223 4971 434 5025 σαῑκῶν
473 4970 716 5039 βιϐλίων,
751 4970 847 5025 καὶ
876 4972 973 5040 τῆς
1014 4970 1281 5041 Ἐϐραίων
1311 4974 1530 5043 ἀπάσης
1561 4975 1802 5044 Γραφῆς,

219 5062 330 5117 καὶ
364 5062 575 5125 τούτοις
600 5062 676 5125 ὡς
728 5062 961 5132 μάλιστα
1005 5064 1316 5132 φιλομαθῶς
1360 5067 1805 5140 ἐναπασχολήσας

217 5151 325 5206 ’τὸν
350 5152 502 5215 νοῦν,
541 5152 634 5205 καὶ
662 5152 783 5215 ὅλος
807 5152 913 5222 ὅλῳ
944 5153 1308 5221 στοιχειωθεὶς
1333 5195 1345 5215 ,
1381 5154 1551 5217 οὕτως
1588 5156 1644 5206 ὲν
1676 5156 1805 5223 βρα-

308 5336 334 5376 P
360 5326 592 5385 Zachar.
627 5346 709 5394 ιιι,
740 5330 791 5384 9.

1922 3262 2018 3315 pro
2076 3247 2211 3313 legis
2265 3246 2496 3305 ratione,
2549 3244 2602 3294 in
2652 3241 2828 3310 gratia
2873 3246 3054 3292 autem
3118 3243 3491 3289 consentanee

1918 3337 2116 3391 enituit
2152 3336 2363 3403 gratim,
2401 3335 2688 3387 adhaerens
2712 3333 2872 3398 eique
2909 3329 3248 3398 implicatus,
3279 3325 3491 3379 itineris

1920 3429 2103 3483 socius
2133 3428 2363 3481 eilicitur
2394 3442 2454 3479 ac
2483 3425 2987 3496 peregrinationum
3019 3435 3205 3475 comes
3229 3438 3241 3472 :
3265 3420 3491 3488 ejusque

1917 3520 2347 3577 aemulationem,
2380 3516 2497 3585 pari
2518 3515 2868 3568 armulatione
2891 3513 3161 3575 imitatus,
3189 3512 3352 3565 etiam
3376 3509 3493 3577 ipse

1917 3613 2203 3665 aemulator
2232 3608 2564 3663 ostenditur.
2599 3607 2778 3675 Atque
2811 3620 2839 3658 a
2872 3615 3098 3675 paterna
3123 3602 3491 3671 commigrans

1919 3700 2055 3766 lege,
2086 3700 2450 3768 gentilitiique
2479 3713 2677 3751 sensus
2708 3696 2860 3750 inani
2895 3694 3296 3763 superstitione
3340 3692 3491 3747 able-

1916 3799 2082 3859 gata,
2146 3798 2311 3842 totam
2367 3804 2597 3859 prorsus
2649 3788 3123 3842 conversationem
3178 3786 3233 3838 in
3291 3786 3488 3839 malum

1918 3882 2226 3935 transtulit.
2273 3879 2468 3935 Verum
2517 3879 2659 3933 haud
2720 3895 2932 3949 aequum
2994 3878 3185 3939 fuerit,
3242 3887 3299 3930 ut
3341 3876 3488 3946 quod

1917 3974 2029 4027 l'ere
2058 3972 2347 4040 effugerat,
2397 3980 2774 4041 pratereatur.
2811 3970 3056 4041 Contigit
3102 3977 3161 4023 ut
3212 3968 3487 4039 pellucida

1916 4066 2028 4119 haec
2064 4064 2272 4118 Christi
2341 4063 2675 4131 margarita;
2705 4062 3001 4130 pretiosus,
3048 4065 3294 4131 inquam,
3321 4060 3486 4126 lapis,

1914 4168 2020 4206 non
2054 4152 2238 4206 minus
2269 4166 2435 4220 quam
2457 4151 2596 4219 lapis
2628 4151 2715 4203 ille
2745 4149 3047 4206 Zorobabel
3072 4151 3246 4203 oculis
3276 4157 3484 4217 septem

1912 4252 2141 4299 ornatus
2174 4254 2221 4308 P,
2264 4258 2374 4312 quo
2402 4252 2454 4297 et
2491 4242 2798 4312 gratiarum
2830 4242 3160 4312 perm-nabat
3182 4255 3443 4295 coronam
3469 4280 3484 4304 ,

1913 4336 2156 4406 regionis
2203 4352 2299 4405 per
2350 4334 2403 4388 id
2454 4344 2668 4403 tempus
2716 4334 3101 4403 prbconsulem
3157 4334 3487 4403 cognatione

1912 4429 2222 4497 attingeret,
2241 4427 2577 4495 haberetque
2594 4442 2790 4497 genere
2803 4426 3140 4495 propinquos
3153 4425 3375 4493 ,quibus
3389 4423 3488 4477 Μῦς

1838 4527 1884 4583 D
1915 4537 2014 4575 nos
2031 4519 2571 4584 etRhadamanthus,
2594 4517 2746 4572 lovis
2767 4519 2885 4581 lilii,
2913 4517 3101 4587 proavi
3120 4516 3483 4571 exstitissent.

1984 4610 2214 4680 Cognati
2261 4610 2448 4675 itaque
2478 4618 2750 4679 potestate
2802 4610 2953 4673 lisus,
2991 4622 3089 4663 nec
3121 4622 3255 4661 sane
3280 4608 3488 4661 veritus

1913 4703 1959 4757 si
1992 4701 2125 4771 quid
2150 4702 2315 4754 etiam
2340 4710 2485 4755 esset
2516 4700 2946 4768 perferendum;
2976 4700 3202 4770 pulchre
3233 4699 3342 4755 sibi
3374 4702 3489 4769 ipse

1912 4794 2083 4862 legem
2118 4793 2172 4846 in
2210 4793 2392 4847 littera
2428 4794 2665 4861 positam
2708 4793 2775 4847 ad
2806 4792 3013 4847 Christi
3048 4792 3209 4847 ﬁdem
3257 4792 3487 4863 gradum

1912 4882 2232 4937 substravit.
2290 4881 2495 4938 Nactus
2533 4883 2678 4937 enim
2728 4884 2902 4939 libros
2939 4883 3139 4949 Hosis,
3202 4892 3487 4953 totamque

1912 4973 2269 5027 Hebraeorum
2310 4972 2679 5041 Scripturam,
2717 4982 2882 5043 atque
2912 4973 2966 5027 in
2998 4973 3068 5028 iis
3111 4973 3360 5027 studiose
3384 4972 3483 5027 ad-

1914 5064 2133 5119 modum
2174 5065 2352 5134 posita
2386 5080 2577 5134 opera,
2614 5075 2874 5134 totusque
2910 5074 3092 5121 mente
3123 5074 3234 5119 tota
3277 5065 3478 5119 instru-

1911 5164 2075 5219 etus,
2129 5156 2206 5209 ita
2259 5156 2412 5210 brevi
2470 5156 2661 5212 didicit
2712 5156 2958 5226 linguam
3012 5156 3371 5223 liebraicam,
3424 5163 3483 5210 ut

1556 5485 1950 5542 COMBEFISII
1992 5487 2223 5548 NOTAE.

302 5622 414 5694 (3|)
458 5623 660 5694 Siqua
690 5624 829 5691 apud
874 5622 1084 5694 Graecos
1120 5626 1291 5693 gloria
1328 5624 1605 5677 obtineret.
1649 5625 1795 5694 Ὅση

216 5709 287 5746 τε
324 5693 441 5764 καθ’
472 5693 740 5761 Ἕλληνας
774 5693 996 5764 ἐκράτει
1032 5695 1182 5746 τότε’
1218 5710 1409 5763 nempe
1439 5694 1563 5758 δόξα
1590 5710 1618 5748 a
1644 5693 1795 5748 GrzeQ

220 5763 440 5834 canticis
478 5763 786 5834 disciplinis
840 5763 889 5817 et
934 5770 1159 5817 externa
1222 5764 1508 5833 sapientia,
1563 5782 1669 5834 qua
1716 5766 1793 5818 illi

222 5832 521 5900 plurimum
555 5833 974 5919 gloriabantur:
1045 5848 1208 5904 quam
1280 5832 1792 5905 Sapientim'swcu-

1906 5631 2074 5702 laris”,
2144 5632 2469 5687 Christianas
2524 5632 2800 5702 religionis
2851 5648 3039 5696 causa,
3095 5639 3473 5701 contemptam

1904 5701 2158 5765 gloriam,
2213 5704 2411 5758 merito
2455 5701 2825 5772 depraedicant
2882 5704 2937 5759 in
2977 5703 3182 5758 Basilio
3214 5712 3267 5757 et
3315 5704 3473 5758 simi-

1908 5771 2069 5842 libus,
2099 5775 2189 5843 qui
2225 5789 2313 5828 res
2348 5771 2536 5829 eorum
2569 5773 2869 5830 celebrant.
