4176 6448
254 401 391 469 11ἱ9

1439 422 1523 484 ΙΝ
1554 425 2008 487 APOSTOLUM
2040 430 2306 491 TlTUM.

3385 426 3527 493 1150

250 514 423 582 δνομα
445 517 652 587 Κυρίου
686 519 909 574 ἐνώπιον
940 522 1109 577 ἐθνῶν
1132 526 1226 580 καὶ
1256 526 1540 594 βασιλέων.
1568 531 1637 583 δι’
1681 533 1807 585 Ἀνα

1943 534 2075 588 mini
2108 552 2295 590 coram
2338 537 2595 605 gentibus
2630 547 2686 594 et
2722 536 2972 610 regibus,
3023 552 3125 593 ceu
3162 537 3353 593 divino
3388 537 3519 608 Spi—

249 604 366 657 νίου
401 605 494 659 τοῦ
521 608 662 661 πάνυ
714 614 1139 683 χρησμιίιδοῦται
1178 618 1331 688 παρὰ
1374 619 1468 671 τοῦ
1502 621 1832 691 πνεύματος,

248 697 514 769 ἀλείπτης
554 702 676 755 ἀντὶ
709 703 963 771 διώκτου,
1009 711 1103 762 καὶ
1150 711 1329 782 κῆρυξ
1363 713 1483 765 ἀντὶ
1511 714 1831 784 βλασφήμου

246 791 552 859 γινόμενος.
586 797 683 848 Ὃν
708 796 829 849 τότε
873 802 939 869 τῇ
980 800 1227 871 όξυωπία
1263 804 1357 855 τοῦ
1406 806 1717 874 πνεύματος
1752 811 1834 860 ὲν-

250 882 376 938 ιδὼν
405 886 433 936 ό
470 887 761 953 θεσπέσιος
798 890 975 957 Τίτος,
1008 893 1103 944 καὶ
1132 892 1232 966 τὴν
1264 897 1652 966 περιχυθεῖσαν
1684 901 1832 969 αὑτῷ

244 981 342 1050 τῆς
385 981 536 1046 θείας
589 986 814 1055 χάριτος
866 988 1205 1059 θεολαμπίαν
1256 998 1641 1065 κατανοήσας,
1712 999 1832 1061 ὅλος

244 1073 460 1137 γίνεται
501 1076 596 1128 τοῦ
648 1077 998 1143 καλέσαντος,
1050 1082 1143 1134 καὶ
1186 1084 1261 1145 ὡς
1306 1085 1369 1137 ἄν
1410 1103 1515 1155 περ
1557 1088 1622 1140 δι’
1668 1090 1831 1143 αὐτὸν

243 1165 530 1220 ἐπιστάντι
575 1169 622 1199 ⁸³
669 1169 747 1239 τῷ
794 1172 1018 1241 κήρυκι.
1066 1173 1276 1227 Αὐτίκα
1331 1177 1568 1246 μάλιστα
1616 1182 1726 1233 τῶν
1772 1184 1831 1234 ἐν

244 1258 405 1309 ποσὶν
453 1260 709 1313 ἁπάντων
744 1263 1039 1333 ἀφέμενος,
1087 1267 1182 1318 καὶ
1224 1269 1356 1319 πᾶσι
1399 1269 1608 1340 χαίρειν
1657 1271 1829 1325 εἰπὼν

242 1353 377 1412 τοῖς,
399 1353 499 1403 ὅσα
521 1353 743 1407 κλέπτει
774 1353 871 1426 τὴν
892 1356 1165 1427 αἴσθησιν,
1199 1359 1482 1428 πρόσεισιν
1507 1362 1655 1432 αὐτῷ
1688 1362 1826 1433 μετὰ

241 1441 438 1495 πολλοῦ
468 1443 562 1497 τοῦ
602 1447 970 1515 συστήματος.

316 1532 424 1584 Καὶ
451 1533 661 1599 γίνεται
701 1535 798 1603 μὲν
829 1535 897 1588 τὰ
923 1536 1115 1606 πρῶτα
1151 1538 1257 1591 τῶν
1282 1541 1529 1610 συνήθων
1562 1543 1654 1595 καὶ
1688 1558 1825 1610 γνω-

242 1623 419 1692 ρίμων
440 1621 540 1687 εἷς,
581 1627 698 1694 μετ’
730 1626 791 1678 ού
823 1626 959 1681 πολὺ
988 1628 1044 1681 δὲ
1082 1629 1335 1693 σύσσιτος
1368 1632 1463 1685 καὶ
1497 1634 1819 1705 ὁμόσκηνος.

252 1713 343 1776 Ὠς
367 1713 424 1767 δὲ
442 1717 555 1778 τοῖς
586 1710 774 1786 πρόσω
803 1718 996 1789 χωρῶν
1017 1721 1044 1771 ό
1068 1720 1372 1789 θαυμάσιος
1396 1722 1720 1793 ἐπεγνώσθη
1746 1725 1823 1796 τῷ

237 1806 643 1874 προγνωσθέντι
689 1809 831 1876 Θεῷ,
878 1810 971 1862 καὶ
1008 1813 1119 1875 τοῖς
1154 1811 1295 1881 ὑπὲρ
1338 1813 1458 1866 λίαν
1499 1816 1818 1881 ἀποστόλοις

236 1896 629 1965 παρισωθέντι,
668 1898 746 1968 τῷ
776 1900 1071 1970 ἀκραιφνεῖ
1091 1902 1192 1971 τῆς
1224 1903 1376 1965 θείας
1400 1904 1741 1975 ἐλλάμψεως,
1767 1909 1817 1961 τί

239 1988 484 2053 γίνεταις
531 1989 818 2058 συνόμιλος
855 1991 1002 2062 αὑτῷ
1038 1992 1222 2045 λοιπὸν
1258 1995 1353 2047 καὶ
1388 1997 1727 2069 συνέκδημος
1760 2001 1819 2055 ἐν

232 2079 312 2147 τῷ
342 2080 433 2131 τοῦ
459 2080 791 2148 Εὐαγγελίου
822 2081 1159 2153 κηρύγματι.
1180 2086 1259 2139 Τὰ
1284 2086 1341 2139 δὲ
1372 2087 1500 2158 ἑξῆς
1530 2091 1682 2144 ὀκνεῖ
1714 2091 1817 2161 μὲν

234 2172 412 2222 εἰπεῖν
439 2172 466 2222 ό
491 2170 669 2237 λόγος.
697 2172 791 2224 ἅτε
828 2171 926 2242 τὴν
959 2175 1235 2245 ἡμετέραν
1275 2178 1641 2248 διαφεύγοντα
1675 2181 1818 2249 γνῶ-

237 2276 346 2323 σιν,
407 2261 501 2313 καὶ
558 2262 842 2334 κρείττονα
888 2264 1026 2335 τάχα
1072 2267 1170 2337 τῆς
1234 2270 1447 2325 πολλῶν
1496 2273 1817 2344 ὑπολήψεως

240 2353 393 2408 ὄντα.
440 2356 555 2423 Ἐφ’
584 2356 619 2409 ἃ
643 2356 697 2410 δὲ
729 2359 809 2411 δεῖ
831 2358 921 2411 τὸν
944 2359 1102 2427 λόγον
1129 2363 1536 2432 μετοχετεῦσαι,
1562 2368 1648 2418 ἐπ’
1673 2367 1814 2421 αὐτὰ

232 2446 298 2513 δὴ
326 2448 419 2499 καὶ
465 2446 756 2517 τρέψομαι.
801 2445 926 2519 Εἶχε
955 2451 1052 2520 μὲν
1095 2446 1188 2505 οὖν
1224 2455 1386 2507 αὐτὸν
1438 2455 1613 2518 οὑτως
1657 2456 1812 2527 ήτοῦ

240 2537 454 2590 Παύλου
506 2540 748 2608 φροντὶς,
802 2544 1113 2618 πανταχόσε
1164 2548 1676 2618 συμπεριαγόμενον
1720 2550 1813 2603 καὶ

235 2630 560 2699 φερόμενον,
598 2633 692 2684 καὶ
721 2633 787 2665 ⁸³⁴
824 2634 885 2686 τὸ
928 2634 1150 2705 θήραμα
1176 2638 1252 2700 ὡς
1287 2638 1407 2691 λίαν
1446 2640 1669 2711 ἐπίχαρι
1711 2643 1807 2694 καὶ

232 2720 469 2774 πλούτου
510 2724 729 2792 μεστόν.
777 2724 834 2777 ὐ
879 2726 935 2778 δὲ
984 2724 1052 2797 ἦν
1098 2729 1259 2792 εὐθὺς
1298 2732 1361 2782 ἐκ
1397 2731 1620 2802 πρώτης
1662 2719 1811 2802 αὑτῷ

236 2814 495 2884 βλάστης,
553 2814 712 2867 πάνθ’
754 2817 853 2870 ὅσα
900 2824 1271 2890 κατακοσμεῖν
1327 2819 1433 2875 οἶδε
1496 2823 1588 2876 τὸν
1637 2824 1807 2894 ἀρετῇ

232 2904 452 2974 βιοῦντα
495 2907 590 2959 καὶ
629 2908 771 2962 κατὰ
817 2909 950 2961 Θεὸν
994 2912 1362 2982 ἀναγόμενονο
1418 2914 1690 2984 ἐπιεικὴς,
1724 2916 1806 2968 εὺι

228 2997 449 3068 πειθὴς,
492 2998 836 3070 εὐπρόσιτος,
881 3001 1144 3072 ὑπήκοος,
1194 3004 1333 3073 πρὸς
1383 3005 1687 3078 ἀποστολὴν
1716 3008 1807 3059 εὑ-

228 3088 448 3159 σταλὴς,
481 3090 615 3159 πρὸς
641 3090 919 3144 διακονίαν
941 3092 1267 3165 εὔχρηστος,
1292 3097 1429 3163 πρὸς
1448 3099 1796 3167 καταλλαγὰς

1938 625 2076 680 ritus
2120 628 2371 689 oraculo,
2408 643 2505 697 per
2543 644 2801 699 magnum
2853 629 3012 683 illum
3071 626 3340 681 Ananiam
3382 640 3509 695 pro-

1937 716 2275 773 nuntiatur:
2328 719 2525 789 aliptes
2568 720 2747 773 factus
2793 734 2859 772 ex
2912 725 3289 789 persecutore,
3337 726 3393 772 et
3441 732 3507 770 ex

1936 807 2262 876 blasphemo
2300 811 2649 879 pra-dictator.
2694 812 2832 865 Eum
2876 818 3009 863 tunc
3041 809 3350 879 perspicaci
3390 809 3508 878 spi-

1933 900 2072 953 ritus
2113 902 2277 955 oculo
2309 904 2544 958 intuitus
2583 903 2923 958 admirabilis
2955 900 3131 965 Titus,
3163 901 3509 971 aliusamquc

1934 990 2036 1060 ipsi
2072 991 2245 1046 divini
2299 994 2615 1062 splendoris
2674 994 2907 1063 gratiam
2955 992 3278 1064 diligentius
3330 1000 3510 1047 atten-

1931 1083 2090 1147 dens,
2143 1092 2293 1139 totus
2346 1084 2403 1137 fit
2441 1085 2590 1139 illius
2640 1085 2741 1155 qui.
2785 1094 3057 1147 vocasset,
3114 1084 3318 1153 quique
3357 1084 3508 1137 velut

1931 1172 2102 1241 ipsius
2131 1188 2301 1229 causa
2333 1176 2600 1230 astitisset
2646 1175 2994 1245 praedicatori
3026 1175 3164 1242 (53).
3197 1171 3275 1226 Ex
3301 1175 3505 1243 templo

1931 1268 2171 1317 maxime
2206 1267 2464 1322 omnibus
2494 1281 2524 1320 a
2574 1282 2633 1321 se
2682 1266 2872 1335 procul
2912 1264 3180 1327 dimissis,
3224 1272 3392 1333 atque
3436 1265 3505 1320 iis

1930 1354 2151 1421 penitus
2192 1355 2374 1409 valere
2415 1355 2586 1423 jussis
2618 1372 2740 1426 qua:
2780 1354 3060 1411 lenocinio
3091 1356 3346 1409 furantur
3375 1372 3506 1413 sen-

1927 1459 2072 1509 sum,
2098 1447 2274 1500 multo
2294 1449 2560 1502 comitatu
2594 1449 2774 1519 ipsum
2805 1450 2942 1503 adit.

1997 1539 2072 1590 Ac
2108 1539 2342 1607 primum
2382 1541 2603 1608 quidem
2646 1557 2793 1596 unus
2825 1555 3017 1595 eorum
3059 1540 3155 1611 qui
3199 1538 3502 1595 familiares

1926 1638 1980 1683 et
2019 1630 2134 1682 noti
2172 1640 2380 1693 essent,
2421 1632 2772 1698 postmodum
2825 1647 2958 1686 vero
3007 1633 3173 1687 etiam
3215 1646 3501 1686 commen-

1926 1718 2060 1772 salis
2099 1726 2153 1772 et
2194 1719 2607 1775 contubernalis
2637 1720 2890 1777 efﬁcitur.
2928 1720 3031 1776 Ubi
3069 1720 3366 1777 autem.vir
3395 1721 3502 1774 mi-

1926 1809 2120 1863 rabilis
2158 1808 2223 1863 ad
2251 1810 2511 1865 ulteriora
2545 1811 2871 1881 procedens,
2905 1813 3132 1883 agnitus
3164 1813 3212 1867 ei
3245 1811 3369 1873 fuit,
3400 1810 3498 1881 qui

1852 1868 1893 1921 Β
1922 1899 2120 1955 fuisset
2163 1896 2498 1972 prmagnitus
2532 1868 2664 1966 Pco,
2713 1904 2867 1957 etiis
2912 1868 3006 1973 qui
3060 1919 3227 1971 supra
3271 1902 3495 1957 modum

1920 1990 2153 2058 apostoli
2202 2001 2361 2063 erant
2402 2002 2745 2062 exequatus,
2800 1994 3021 2049 sincera
3083 1994 3276 2063 utique
3317 1992 3494 2047 divini

1921 2082 2143 2137 luminis
2179 2083 2566 2150 illustratione,
2605 2086 2739 2157 quid
2774 2086 3016 2141 accidit?
3051 2086 3137 2141 Fit
3167 2086 3384 2141 tandem
3416 2085 3493 2139 illi

1917 2176 2127 2239 socius,
2157 2190 2219 2231 ac
2250 2178 2756 2247 peregrinationum
2798 2194 2985 2234 comes
3020 2178 3074 2232 in
3102 2178 3496 2247 praedicatione

1917 2268 2215 2340 Evangelii.
2245 2269 2444 2324 Benuit
2467 2277 2652 2325 autem
2678 2271 2859 2340 eloqui
2883 2270 3064 2325 oratio
3084 2286 3208 2340 qua:
3229 2269 3494 2339 deinceps

1916 2370 2244 2430 sequuntur,
2276 2370 2334 2417 ut
2367 2378 2490 2432 qua:
2515 2361 2776 2431 effugiant
2807 2371 3057 2417 nostram
3089 2362 3488 2432 cognitionem,

1916 2467 1979 2505 ac
2010 2452 2193 2508 forsan
2225 2456 2435 2524 majora
2468 2456 2579 2510 sint
2616 2471 2780 2525 quam
2817 2455 3004 2524 plures
3027 2454 3493 2510 existimaverint.

1913 2545 1993 2598 Ad
2031 2560 2092 2599 ea
2122 2562 2252 2601 vero
2281 2557 2599 2602 convertam
2624 2562 2962 2611 sermonem,
2991 2545 3057 2599 ad
3090 2560 3211 2615 quae,
3231 2546 3279 2600 is
3303 2544 3493 2600 detor-

1913 2636 2165 2703 quendns
2201 2636 2293 2690 sit.
2328 2637 2421 2689 Sic
2448 2635 2630 2703 itaque
2663 2651 2785 2689 eum
2814 2634 3022 2689 Paulus
3055 2648 3201 2688 cura:
3230 2631 3488 2695 habebat,

1914 2734 1971 2777 ut
1999 2725 2148 2778 omni
2183 2725 2304 2778 loco
2340 2740 2446 2779 una
2482 2725 2948 2789 circumduceret,
3003 2739 3067 2776 ac
3096 2724 3243 2777 velut
3284 2723 3488 2792 gratis-

1912 2815 2106 2870 simam
2137 2815 2465 2884 plenamque
2494 2816 2700 2871 divitiis
2727 2814 2968 2885 przedam
3014 2812 3200 2868 ferret.
3239 2809 3358 2882 Ipse
3392 2827 3493 2865 au-

1913 2913 2019 2958 tem
2055 2920 2083 2956 a
2118 2903 2296 2973 prim’o
2331 2907 2517 2960 statim
2574 2908 2842 2977 germine,
2883 2907 3065 2961 omnia
3112 2907 3161 2961 ei
3212 2915 3331 2959 erat
3366 2920 3489 2974 quae

1912 2995 2088 3049 solent
2118 3012 2241 3052 esse
2288 3007 2615 3052 ornamento
2651 2999 2856 3053 viventi
2893 3014 2957 3054 ex
2992 3001 3205 3053 ratione
3242 2998 3487 3061 virtutis,

1910 3088 2131 3157 vitaque
2161 3087 2344 3143 divine
2377 3089 2600 3143 sublimi
2654 3097 2708 3144 et
2755 3088 2865 3142 Deo
2904 3090 3242 3144 subvehente
3289 3089 3436 3143 elata
3469 3105 3485 3141 :

222 3182 536 3251 εὐδαίμων,
602 3183 866 3254 ἀλείπτης
920 3185 1027 3238 τῶν
1090 3186 1430 3251 κοπιώντων,
1496 3190 1603 3242 τῶν
1660 3190 1802 3260 ὑπὲρ

1914 3177 2212 3242 modestus,
2243 3178 2550 3244 suasihilis,
2587 3193 2817 3235 accessu
2855 3178 3058 3241 facilis,
3091 3180 3381 3245 obediens,
3418 3178 3485 3232 ad

222 3270 463 3338 Χριστοῦ
501 3272 806 3324 πονούντων
846 3272 1297 3346 ὑπερασπιστὴς,
1333 3277 1426 3329 καὶ
1466 3278 1602 3348 πρὸς
1630 3280 1805 3333 ἁπάν-

223 3379 334 3413 των
366 3362 546 3415 καλῶν
588 3363 895 3434 ὀξύρροπον
924 3367 1021 3435 τὴν
1053 3368 1389 3437 μετάκλησιν
1419 3368 1578 3438 ἔχων.
1619 3370 1684 3423 Τί
1712 3388 1803 3441 μοι

218 3455 292 3506 τὰ
345 3454 533 3526 πόρρω
573 3455 771 3522 λέγειν,
829 3458 1007 3528 παρὸν
1064 3459 1163 3521 τὰς
1214 3460 1429 3513 Παύλου
1484 3462 1669 3529 φωνὰς
1722 3464 1801 3525 είς

222 3544 390 3612 μέσον
428 3547 731 3614 ἀγαγόντα,
758 3546 816 3599 ὲν
843 3550 1033 3612 αὑταῖς
1050 3550 1239 3603 τοῦτον
1262 3552 1390 3620 ὑμῖν
1417 3553 1800 3624 ὲκτυπώτερον

214 3634 479 3700 διαδεῖξαι
508 3636 622 3701 νῦν,
649 3640 723 3704 ὡς
762 3643 820 3694 ὲν
846 3641 1036 3693 πίνακι
1076 3640 1154 3710 τῷ
1175 3643 1465 3713 γράμματι
1492 3646 1799 3715 στηλογρα-

219 3724 521 3794 φούμενον;
555 3730 649 3792 Ὃς
684 3730 993 3801 Κορινθίοις
1022 3732 1356 3784 ἐπιστέλλων
1395 3735 1546 3797 ποτὲ,
1573 3736 1667 3788 καὶ
1702 3736 1799 3807 τὴν

215 3818 303 3879 εἰς
333 3818 394 3869 τὸ
417 3818 681 3889 κήρυγμα
724 3822 1017 3891 δεδομένην
1052 3822 1201 3892 αὐτῷ
1243 3824 1403 3894 χάριν
1434 3827 1798 3898 ἐκδιηγούμε-

212 3924 327 3970 νος,
357 3908 523 3961 αὑτοῦ
572 3928 677 3963 που
722 3912 817 3965 τοῦ
861 3912 1021 3979 λόγου
1068 3913 1377 3983 γενόμενος,
1422 3915 1512 3968 τὸν
1556 3918 1701 3987 ἱερὸν
1734 3919 1796 3990 δὴ

210 3998 404 4052 τοῦτον
453 4000 818 4072 ὑποσεμνύνει
881 4003 1037 4056 Τίτον
1088 4005 1146 4057 ὲν
1206 4006 1417 4069 τούτοις
1467 4008 1642 4077 δήπου
1686 4014 1797 4073 τοῖς

207 4092 456 4160 ῥήμασι·
501 4111 519 4143 ι
548 4092 730 4164 Θύρας
765 4113 878 4164 μοι,
913 4097 1099 4165 φησὶν,
1134 4098 1487 4169 ἀνεῳγμένης
1516 4101 1573 4153 ὲν
1604 4103 1796 4173 Κυρίῳ

203 4182 296 4241 εἰς
330 4180 389 4233 τὸ
423 4182 755 4251 Εὑαγγέλιον
786 4186 881 4239 τοῦ
930 4186 1168 4257 Χριστοῦ
1216 4189 1314 4240 οὑκ
1361 4189 1568 4259 ἔσχηκα
1611 4192 1796 4246 ἄνεσιν

202 4270 293 4337 τῷ
324 4273 595 4343 πνεύματί
623 4293 748 4346 μου,
779 4277 875 4330 τοῦ
909 4280 983 4350 μὴ
1008 4281 1185 4351 εὑρεῖν
1222 4298 1289 4351 με
1321 4279 1479 4335 Τίτον
1518 4283 1608 4336 τὸν
1638 4284 1793 4338 ἁδελ-

203 4361 314 4417 εόν
344 4380 465 4417 ξιον.
505 4382 522 4415 ι

1912 3268 2282 3336 apostolatum
2318 3268 2634 3337 expeditus,
2672 3269 2739 3323 ad
2777 3271 3145 3325 ministerium
3177 3270 3370 3334 utilis,
3416 3271 3483 3325 ad

1910 3361 2327 3414 conciliationes
2372 3360 2520 3427 felix,
2552 3360 2929 3416 fatiscentium
2969 3362 3190 3430 aliptes,
3227 3361 3487 3417 defensor

1910 3465 2012 3520 pro
2040 3449 2262 3504 Chrile
2293 3451 2687 3519 laborantium,
2740 3469 2901 3523 quem
2934 3454 3171 3521 denique
3201 3454 3325 3508 boni
3357 3469 3480 3506 om-

1908 3558 2005 3595 nes
2031 3544 2360 3612 propensius
2389 3545 2652 3599 accirent.
2687 3545 2978 3599 Enimvero
3016 3545 3148 3613 quid
3180 3547 3483 3601 remotiora

1907 3632 2052 3697 dico,
2117 3649 2240 3687 cum
2303 3642 2505 3703 praesto
2557 3636 2627 3690 sit
2691 3645 2750 3690 ut
2810 3637 2866 3690 in
2935 3637 3171 3691 medium
3225 3636 3482 3695 adductis

1905 3724 2053 3777 l‘auli
2091 3724 2337 3788 vocibus,
2360 3741 2486 3780 eum
2518 3727 2675 3782 vobis
2703 3728 3223 3796 impraesentiarum,
3251 3730 3400 3784 velut
3425 3733 3479 3786 in

1902 3815 2125 3877 tabella,
2177 3830 2241 3868 ac
2271 3831 2371 3869 ceu
2406 3816 2459 3869 in
2505 3816 2765 3869 columna
2788 3817 3121 3886 insculptum
3156 3821 3474 3887 expressius

1901 3923 1964 3960 ex
2005 3906 2286 3975 Scriptura
2330 3908 2661 3962 exhibeam?
2715 3908 2764 3964 Is
2818 3910 3118 3977 aliquando
3167 3911 3477 3969 Corinthiis

1903 3998 2175 4063 scribens,
2223 3996 2520 4069 datamque
2567 4000 2713 4054 eiad
2751 4001 3196 4069 praedicationem
3240 4004 3475 4071 gratiam

1896 4089 2204 4154 disserens,
2241 4092 2329 4144 ubi
2368 4092 2435 4145 ad
2465 4100 2680 4145 certum
2740 4092 3035 4160 quemdam
3085 4093 3267 4147 locum
3314 4096 3475 4151 deve-

1899 4180 1998 4243 nit,
2024 4182 2203 4235 verbis
2245 4181 2580 4250 ejuscemodi
2626 4181 2878 4236 honestat
2919 4198 3137 4237 sacrum
3175 4184 3324 4239 hunc
3373 4186 3470 4239 Ti-

1899 4278 2011 4324 tum
2048 4290 2060 4326 :
2103 4292 2120 4324 ι
2162 4272 2323 4333 Cum,
2358 4273 2559 4342 inquit,
2593 4265 2794 4327 ostium
2830 4273 3070 4327 mihi‘ad
3122 4272 3470 4342 Evangelium

1897 4360 2103 4417 Christi
2128 4371 2375 4432 apertum
2404 4373 2573 4427 esset,
2603 4380 2711 4418 non
2748 4364 2912 4419 habui
2956 4366 3202 4435 requiem
3252 4369 3470 4437 spiritui

1899 4468 2062 4520 meo,
2119 4470 2185 4509 eo
2249 4455 2392 4520 quod
2456 4472 2563 4511 non
2622 4457 2920 4511 invenerim
2978 4457 3160 4513 Titum
3234 4460 3463 4517 fratrem

1903 4561 2080 4599 meum
2115 4556 2161 4601 ι.
2204 4566 2222 4598 ι

293 4618 453 4690 Ὁρᾷς
487 4623 586 4699 δση
614 4626 706 4678 καὶ
736 4627 819 4690 τίς
846 4628 1091 4699 ὑπῆρχεν
1118 4632 1148 4699 ἡ
1178 4633 1240 4683 ἐκ
1272 4632 1488 4705 βάθρων
1519 4637 1667 4706 αὐτῷ
1691 4639 1790 4708 τῆς

1967 4636 2129 4693 Vides
2166 4648 2369 4707 quanta
2399 4642 2448 4695 ei
2490 4641 2663 4696 aﬂusa
2693 4653 2840 4697 esset
2871 4646 3045 4711 gratia
3103 4642 3366 4715 Spiritus,
3402 4648 3473 4701 ab

198 4711 451 4775 πίστεως
484 4715 842 4785 περιχυθεῖσα
876 4721 1039 4789 χάρις
1075 4722 1168 4774 τοῦ
1204 4724 1557 4793 Πνεύματος,
1598 4726 1672 4791 ὼς
1702 4729 1795 4781 καὶ

198 4802 439 4872 ἀδελφὺν
479 4807 839 4879 ἐπικληθῆναι
876 4812 1114 4880 Παύλου,
1173 4816 1267 4868 καὶ
1315 4816 1647 4887 ψυχαγωγὸν
1698 4821 1794 4874 καὶ

290 4933 372 4986 'll
404 4936 531 4990 Cor.
573 4954 630 5005 ιι,
680 4940 763 4993 l2.

1906 4731 2039 4801 ipsis
2075 4730 2197 4784 fidei
2229 4730 2622 4799 fundamentis,
2666 4746 2723 4789 ut
2747 4744 2801 4790 et
2838 4735 2992 4791 Pauli
3036 4738 3208 4793 frater
3237 4748 3290 4792 et
3324 4740 3469 4794 sola—

1902 4826 2037 4878 tium
2064 4833 2117 4881 et
2146 4825 2492 4898 refrigerium
2526 4830 2857 4885 vocaretur?
2894 4849 2912 4881 ι
2959 4830 3077 4887 Νοιι
3111 4832 3280 4888 habui
3323 4833 3515 4888 enim-

1481 5066 1720 5123 VARIA‘S
1773 5071 2177 5132 LECTIONES.

280 5146 324 5178 ⁸³
358 5145 497 5218 Lege
554 5150 897 5214 ἐπιστάντος.
972 5151 1041 5185 ⁸³⁶
1071 5152 1207 5225 Leg.
1232 5154 1326 5217 ὼς.

1537 5250 1925 5311 COMBEFISII
1954 5254 2184 5314 NOTAE.

279 5329 390 5415 (δῇ)
429 5330 637 5415 Quique
690 5333 1275 5415 veluthipst'usfqttsa
1339 5344 1597 5415 extitisset
1644 5363 1786 5415 prae--

187 5400 459 5472 dricatori.
495 5400 769 5472 _Nempe,
824 5400 1013 5460 Paulo.
1077 5406 1287 5463 lndicat
1344 5410 1497 5467 Pauli
1554 5400 1788 5470 conver-

189 5471 447 5544 sioneur
487 5469 677 5525 fuisse
721 5473 845 5527 'l‘ito
909 5477 1257 5531 occasionem
1339 5483 1592 5544 perfectae
1628 5469 1787 5540 icon-

189 5540 501 5624 versionis,
547 5548 603 5624 et
666 5544 1205 5624 arripiendi__status_
1251 5540 1629 5624 sublimioris,
1677 5571 1788 5624 quo

188 5608 512 5694 ‘e‘xpe'ditior
568 5610 728 5694 fieret
784 5608 945 5692 sacro
991 5615 1070 5669 illi
1130 5617 1465 5683 ministerio,
1522 5608 1787 5694 θεῖ’(ιῦὸά

188 5677 408 5759 Paulus
465 5681 906 5760 peculiarissime
956 5694 1417 5763 vocatusessvt,
1452 5677 1787 5763 tandemque

189 5750 260 5827 in
296 5746 435 5825 .ejus
466 5746 699 5829 'soeium
742 5764 1110 5829 promoveret.
1134 5825 1151 5829 _
1185 5746 1415 5829 Accepit
1474 5746 1784 5823 velutisibi

187 5816 308 5887 ipsi
353 5825 628 5885 vocatum,
660 5816 950 5877 ac'ducem
1011 5816 1352 5896 praefectum,
1399 5832 1502 5888 sub
1545 5816 1787 5905 quoict

1893 5365 2005 5418 quo
2034 5354 2222 5422 socio,
2266 5352 2638 5422 praedicationi
2689 5354 2940 5409 instaret.
2990 5351 3108 5408 Non
3158 5354 3234 5407 ita
3290 5354 3473 5422 abest,

1894 5421 2043 5493 quod
2086 5422 2155 5476 de
2189 5423 2249 5493 Β.
2290 5423 2595 5490 Reginaldo
2646 5424 2881 5478 habetur
2922 5424 3063 5493 apud
3092 5423 3366 5479 Theudor.
3413 5421 3468 5478 et

1896 5490 2057 5555 alios,
2094 5492 2398 5563 meditante
2430 5500 2636 5547 statum
2674 5490 3037 5561 apostolicum
3068 5503 3122 5549 et
3154 5496 3470 5563 pradicet!)-

1896 5573 2041 5623 rum,
2077 5563 2164 5614 cui
2201 5561 2363 5626 Deus,
2396 5564 2485 5615 vix
2520 5579 2629 5616 non
2664 5565 2895 5619 alterum
2928 5561 3181 5627 Paulum,
3217 5580 3281 5619 ac
3312 5563 3464 5619 Pauli

1898 5631 2097 5704 spiritu
2130 5633 2373 5704 plenum,
2408 5632 2754 5704 Dominicum
2807 5649 2918 5704 quo
2950 5632 3182 5703 prwside
3211 5642 3266 5691 et
3303 5631 3467 5690 Patre

1896 5698 2158 5771 socioque
2208 5700 2259 5754 id
2314 5703 2560 5758 muneris
2618 5698 2843 5759 strenue
2882 5698 3082 5766 obiret,
3125 5706 3463 5771 suscitavit;

1892 5769 2058 5822 etiam
2115 5771 2452 5845 miraculose
2506 5789 2711 5845 sanans
2764 5774 2884 5842 ejus
2924 5775 3224 5845 precibus,
3281 5782 3342 5830 ut
3392 5769 3465 5831 ne

1896 5846 2082 5899 tantus
2109 5840 2324 5899 deesset
2350 5857 2504 5899 novae
2531 5844 2743 5901 militiae
2768 5840 2896 5900 dux.
