4176 6448
791 360 934 448 ﬂii

1969 393 2031 454 S.
2059 390 2389 454 ANDREE
2427 388 2849 453 CRETEN'SIS

3947 383 4080 452 11!

792 495 996 565 inquit.
1035 498 1281 568 requiem
1312 500 1530 570 spiritui
1567 517 1710 567 meo,
1739 519 1806 559 eo
1835 501 1980 576 quod
2018 521 2123 562 non
2155 506 2336 560 iuvent

2443 502 2778 571 ,ἀνάψυξινς
2829 521 2848 555 ι
2892 501 3007 557 Οὐκ
3045 502 3258 573 ισχηκα
3310 501 3441 572 γάρ,
3498 501 3694 570 φησιν,
3754 499 3964 552 ἄνεσιν
4008 499 4074 566 τῷ

791 587 895 640 rlm
922 585 1103 642 Titum
1129 589 1358 646 fratrem
1401 608 1605 648 meum.
1645 613 1663 645 ι
1700 593 1797 650 Vis
1827 605 1880 650 et
1915 597 2025 650 alio
2080 596 2364 651 ostendam

787 679 1163 732 testimonium
1226 682 1274 734 ei
1339 681 1609 738 detulisse
1665 699 1923 752 magnum
1996 687 2366 752 Apostolum?

793 785 813 817 ο
849 764 1109 834 Repletus
1135 785 1277 831 sum.
1300 772 1498 840 inquit,
1526 777 1928 838 consolatione.
1970 780 2364 845 superabundo

785 857 984 923 gaudio
1025 859 1067 911 ί.
1104 877 1123 909 ι
1161 858 1471 924 Quomodo,
1503 879 1684 931 quave
1717 880 1906 929 quaso
1939 869 2190 921 ratiouc?
2216 888 2233 918 ι
2260 869 2363 933 Qui

782 948 929 1001 enim
984 952 1307 1006 consolatur
1352 954 1612 1018 humiles,
1667 957 1868 1024 inquit,
1911 961 2230 1014 consulatus
2280 970 2364 1016 est

781 1053 884 1093 nos
917 1039 972 1092 in
1008 1040 1244 1095 adventu
1287 1043 1418 1096 Titi.
1449 1044 1569 1098 Non
1623 1048 1802 1100 solum
1833 1059 2013 1104 autem
2043 1051 2096 1103 in
2123 1051 2362 1107 adventu

780 1130 920 1197 ejus,
948 1133 1045 1186 sed
1077 1133 1242 1187 etiam
1276 1135 1330 1188 in
1355 1137 1757 1204 consolatione,
1793 1157 1901 1208 qua
1926 1144 2248 1198 consolatus
2279 1156 2363 1200 est

781 1222 898 1289 ipse
930 1223 982 1276 in
1031 1224 1190 1280 vobis
1233 1234 1284 1277 ιι.
1328 1227 1651 1292 »,νίι1ἰειίιι’
1691 1233 2061 1288 excellentem
2107 1236 2360 1291 dilectio-

780 1313 947 1366 nem?
980 1313 1243 1370 Vidistin’
1282 1319 1597 1374 concordia:
1641 1323 1946 1388 vinculum,
1985 1335 2044 1378 ut
2091 1329 2255 1381 etiam
2295 1330 2361 1382 il-

778 1403 886 1459 lius
931 1407 1394 1474 consolationem,
1459 1427 1613 1466 suam
1669 1415 1844 1483 ipsius
1879 1417 2174 1482 deﬁnierit,
2227 1437 2360 1488 gau-

775 1494 1040 1565 diumque
1071 1499 1218 1568 ejus,
1263 1502 1552 1570 proprium
1598 1521 1757 1558 suum
1805 1513 2184 1576 reputaverit?
2215 1513 2356 1567 Audi

775 1598 906 1640 vero
925 1587 1056 1656 quid
1089 1589 1157 1643 ad
1180 1591 1403 1645 eosdem
1427 1609 1621 1648 rursus
1648 1591 1937 1658 scribens,
1959 1600 2034 1653 ait
2070 1619 2082 1654 ε
2121 1619 2139 1650 ι
2166 1601 2347 1655 Αδιηιο

773 1677 997 1734 «lautius
1036 1687 1218 1735 autem
1270 1685 1443 1751 magis
1476 1686 1649 1756 gavisi
1698 1703 1897 1744 sumus
1943 1707 2110 1757 super
2154 1695 2356 1763 gaudio

773 1765 905 1829 Titi,
937 1769 1065 1836 quia
1119 1770 1362 1825 refectus
1409 1783 1496 1828 est
1546 1776 1779 1842 spiritus
1829 1778 1950 1846 ejus
1985 1780 2052 1833 ab
2097 1783 2354 1838 omnibus

2475 591 2750 661 πνεύματί
2779 609 2902 660 μου,
2932 591 3028 645 τοῦ
3068 594 3143 661 μὴ
3173 593 3355 662 εὑρεῖν
3393 608 3461 660 με
3493 591 3652 644 Τίτον
3699 590 3801 642 τὸν
3839 589 4071 654 ἀδελφάν

2476 699 2600 750 μου.
2645 701 2662 732 ι
2693 683 2880 734 Βούλει
2904 684 2999 736 καὶ
3024 682 3169 751 ἄλλῳ
3203 699 3286 734 σοι
3327 680 3486 744 δείξω
3523 681 3623 749 τὴν
3653 679 3817 748 αὐτῷ
3863 697 4071 746 μαρτλ-

2475 773 2598 841 ρίαν
2646 773 3065 842 προσαγαγόντα
3121 773 3212 824 τὸν
3255 772 3431 841 μέγαν
3479 772 3855 833 ’Δπόστολονς
3909 790 3929 817 ι
3971 771 4066 822 Πε-

2472 863 2790 932 πλήρωμαι,
2822 866 2977 932 φησὶ,
3008 867 3073 933 τῇ
3103 865 3472 933 παρακλήσει.
3505 862 4064 932 ὑπερπερισσεύομαι

2470 957 2552 1022 τῇ.
2585 956 2748 1024 χαρᾷ.
2789 973 2807 1004 I
2854 955 2980 1018 Πῶς
3018 957 3112 1008 καὶ
3150 956 3273 1008 τίνα
3313 956 3538 1024 τρόπον,
3575 954 3741 1018 sint;
3776 973 3793 1002 ι
3853 953 3919 1005 ⁸0
3969 955 4063 1018 γάρ

2470 1047 2805 1114 παρακαλῶν
2859 1048 2986 1109 τοὺς
3043 1050 3372 1108 ταπεινοὺς,
3434 1048 3608 1113 φησὶ,
3670 1045 4062 1111 παρεκάλεσε-ι

2467 1138 2617 1205 ἡμᾶς
2647 1139 2705 1189 ἐν
2738 1139 2807 1206 τῇ
2839 1138 3111 1208 παρουσίᾳ
3139 1138 3321 1190 Τίτου.
3353 1139 3468 1188 Οὐκ
3489 1139 3547 1187 έν
3575 1139 3643 1204 τῇ
3687 1135 3991 1203 παρουσία
4017 1136 4059 1185 δὲ

2471 1229 2631 1296 μόνον
2663 1229 2864 1296 αὐτοῦ,
2901 1231 3037 1283 ἀλλά
3070 1231 3164 1283 καὶ
3199 1231 3258 1281 έν
3289 1233 3357 1299 τῇ
3394 1230 3749 1297 παρακλήσει
3779 1269 3794 1291 ,
3923 1244 4058 1293 παρ-

2467 1319 2670 1390 εκλήθη
2715 1321 2878 1383 αὐτὸς
2909 1323 2966 1372 έν
2997 1323 3146 1390 ὑμῖν.
3187 1340 3206 1372 ι
3241 1316 3396 1383 Εἶδες
3434 1321 3658 1389 ἀγάπης
3697 1318 4056 1386 ὑπερδοὶήνξ

2467 1409 2624 1473 Εἶδες
2671 1413 2979 1481 ὁμοψυχίας
3045 1412 3376 1479 σύνδεσμον,
3424 1411 3499 1473 ὡς
3543 1412 3640 1462 καὶ
3683 1411 3794 1478 τὴν
3848 1412 4057 1461 tuisse

2466 1503 2814 1573 παράκλησιν
2861 1505 3070 1566 οίκείαν
3109 1503 3421 1573 ὁρίσασθαι,
3471 1503 3567 1554 καὶ
3608 1502 3715 1570 τὴν
3770 1502 3869 1553 ἔπ’
3922 1499 4056 1566 αὐτῷ

2464 1591 2628 1660 χάριν
2675 1592 2815 1644 ίδίαν
2871 1592 3222 1661 ήγήσασθαις
3288 1594 3491 1644 Ἄκουε
3548 1590 3602 1642 τί
3653 1590 3804 1658 πρὸς
3865 1591 4055 1649 αὐτοὺς

2464 1682 2627 1736 πάλιν
2660 1683 2905 1746 έκείνους
2949 1684 3182 1752 γράφων
3235 1683 3410 1752 φησί’
3469 1700 3489 1733 ι
3525 1681 3972 1750 Περισσοτέρως
4009 1682 4053 1731 δέ

2465 1775 2666 1843 μᾶλλον
2689 1776 2966 1846 ἐχάρημεν
2983 1777 3076 1829 ἐπὶ
3099 1779 3165 1845 τῇ
3189 1777 3336 1846 χαρᾷ
3361 1774 4051 1832 Τίτου.ὂτιάναπέπιυται

771 1855 947 1912 vobis.
985 1855 1050 1910 Et
1100 1859 1144 1914 si
1188 1861 1320 1928 quid
1373 1861 1516 1930 apud
1563 1864 1716 1916 illum
1769 1866 1837 1920 de
1886 1866 2040 1921 vobis
2085 1868 2336 1935 gloriatus

2457 1866 2520 1918 τὸ
2556 1867 2774 1936 πνεῦμα
2811 1867 2978 1920 αὐτοῦ
3015 1867 3124 1920 ἀπὸ
3153 1867 3376 1920 πάντων
3404 1865 3560 1936 ὑμῶν
3582 1883 3595 1895 ·
3632 1866 3717 1917 ὅτι
3751 1867 3808 1916 ετ
3843 1882 3891 1916 τι
3918 1864 4048 1929 αὑτῷ

770 1961 915 2008 sum,
949 1964 1061 2003 non
1088 1965 1209 2004 sum
1242 1951 1508 2009 conl'usus
1542 1973 1554 2007 :
1587 1956 1679 2010 sed
1710 1957 1855 2011 sicut
1892 1959 2079 2014 omnia
2110 1963 2269 2018 vobis
2299 1964 2350 2018 in

768 2042 1005 2096 veritate
1045 2043 1216 2098 locuti
1253 2060 1470 2109 sumus,
1512 2047 1586 2100 ita
1619 2054 1672 2101 ct
1706 2049 1964 2119 gloriatio
1989 2059 2200 2121 nostra,
2231 2072 2352 2125 qua:

767 2131 871 2185 fuit
901 2133 967 2187 ad
1004 2132 1210 2196 Titum.
1269 2137 1479 2192 veritas
1515 2138 1654 2194 iacta
1707 2149 1791 2195 est
1823 2159 1858 2195 :.
1887 2151 1941 2198 et
1972 2144 2184 2200 viscera
2228 2149 2351 2216 ejus

766 2222 1141 2278 abundantius
1198 2225 1250 2278 in
1289 2226 1447 2282 vobis
1475 2237 1606 2282 sunt
1654 2239 1703 2283 ν.
1760 2250 1777 2281 ι
1826 2229 1890 2285 Et
1954 2245 2077 2302 post
2127 2251 2346 2304 pauca:

773 2333 792 2363 ε
822 2311 1040 2370 Gratias
1072 2326 1256 2372 autem
1293 2317 1422 2382 Deo,
1461 2321 1556 2390 qui
1587 2319 1739 2376 dedit
1785 2323 2034 2378 eamdem
2073 2329 2350 2385 sollicitu-

763 2404 946 2461 dinem
993 2422 1092 2478 pro
1118 2409 1275 2464 vobis
1315 2411 1368 2464 in
1401 2413 1571 2468 corde
1601 2413 1712 2468 Titi
1741 2433 1757 2475 :
1794 2417 2053 2486 quoniam
2086 2422 2347 2478 exhorta-

765 2499 968 2554 tionem
997 2501 1220 2569 quidem
1253 2506 1534 2574 suscepit;
1560 2507 1656 2562 sed
1684 2523 1809 2562 cum
1847 2511 2142 2568 sollicitior
2171 2526 2342 2583 esset,

763 2605 863 2643 sua
891 2591 1171 2647 voluntate
1202 2594 1485 2663 profectus
1513 2599 1694 2653 estad
1747 2616 1846 2655 vos
1898 2617 1948 2659 ι.
2006 2624 2025 2656 ι
2064 2606 2228 2663 Vides
2288 2619 2344 2663 ut

760 2681 882 2746 ejus
939 2685 1142 2753 ubique
1193 2686 1558 2742 sollicitudini
1636 2692 2016 2748 testimonium
2096 2695 2346 2753 deferat?

767 2771 928 2829 Vides
959 2783 1017 2827 ut
1056 2791 1225 2845 supra
1259 2787 1314 2832 et
1362 2779 1506 2834 infra
1537 2798 1784 2846 versans,
1837 2787 2096 2844 laudibus
2124 2801 2345 2858 appetat

757 2872 813 2917 et
865 2866 1156 2932 magniﬁce
1204 2869 1436 2924 efferat?
1483 2871 1662 2943 Supra
1708 2877 1978 2945 quidem:
2033 2899 2052 2932 ι
2101 2882 2156 2936 Si
2206 2885 2339 2952 quid

757 2958 902 3022 apud
929 2959 1083 3014 illum
1121 2961 1394 3030 gloriatus
1438 2980 1585 3028 sum.
1643 2984 1750 3022 non
1798 2987 1918 3025 sum
1971 2975 2256 3032 confusus.
2317 2999 2334 3032 ι

755 3047 841 3113 Et,
880 3069 898 3101 ι
925 3049 1197 3107 Gloriatio
1241 3063 1452 3120 nostra,
1491 3075 1614 3128 qua:
1663 3060 1765 3115 fuit
1799 3066 1866 3117 ad
1903 3064 2109 3129 Titum,
2137 3072 2338 3126 veritas

2455 1958 2836 2027 κεκαύχημαι,
2884 1959 2945 2011 ού
2997 1958 3398 2028 κατῃσχύνθην.
3459 1956 3602 2009 Ἀλλ’
3644 1956 3727 2019 ὡς
3773 1957 3965 2009 πάντα
4004 1959 4048 2006 ἐν

2453 2048 2680 2120 ἀληθείᾳ
2726 2051 3069 2120 ἐλαλήσαμεν
3120 2050 3275 2119 ὑμῖν,
3329 2048 3474 2102 οῦτω
3536 2049 3633 2100 καὶ
3678 2049 3715 2118 ἡ
3776 2047 4049 2116 καύχησις

2452 2141 2609 2211 ἡμῶν
2637 2144 2668 2209 ή
2694 2142 2786 2194 ἐπὶ
2815 2141 2978 2195 Τίτου
3005 2141 3234 2212 ἀλήθεια
3266 2141 3502 2211 ἐγενήθη
3520 2158 3536 2172 ·
3585 2140 3687 2193 καὶ
3728 2142 3806 2192 τὰ
3845 2141 4044 2203 mli?-

2451 2249 2552 2300 χνα
2579 2231 2746 2284 αὑτοῦ
2791 2232 3196 2302 περισσοτέρως
3228 2232 3308 2294 είς
3337 2232 3482 2299 ὑμᾶς
3515 2233 3654 2282 ὲστι.
3709 2249 3731 2281 a
3777 2231 3891 2282 Καὶ
3943 2229 4045 2297 μετ’

2448 2325 2604 2392 ὀλίγα
2625 2342 2638 2355 °
2677 2343 2695 2376 t
2735 2326 2911 2396 Χάρις
2942 2326 2999 2379 δὲ
3024 2325 3146 2395 Θεῷ
3169 2325 3248 2395 τῷ
3282 2325 3478 2377 διδόντι
3523 2324 3625 2392 τὴν
3670 2324 3860 2391 αὐτὴν
3887 2340 4042 2375 σπου-

2447 2417 2542 2487 δὴν
2573 2419 2714 2488 ὑπὲρ
2741 2419 2895 2487 ὑμῶν
2944 2421 3002 2472 έν
3050 2421 3116 2490 τῇ
3157 2419 3356 2489 καρδία
3395 2419 3559 2471 Τίτου
3586 2435 3602 2449 ·
3645 2418 3736 2470 ὅτι
3793 2418 3904 2484 τὴν
3957 2418 4042 2485 μὲν

2449 2510 2800 2579 παράκλησιν
2845 2511 3100 2575 έδέξατο·
3156 2511 3579 2582 σπουδαιότερος
3630 2510 3687 2563 δὲ
3737 2511 4038 2581 ὑπάρχων,

2447 2600 2788 2671 αὐθαιρέτως
2831 2602 3024 2672 eam:
3081 2603 3219 2673 πρὸς
3272 2603 3437 2672 ὑμᾶς.
3489 2621 3508 2654 ι
3576 2601 3824 2663 Βλέπεις
3885 2601 4039 2654 αὐτὸν

2446 2693 2728 2763 πανταχοῦ
2759 2694 2817 2747 τὸ
2846 2694 3135 2748 σπουδαῖον
3162 2694 3314 2764 αὐτῷ
3339 2693 3886 2765 προσμαρτύροντα;
3924 2691 4039 2744 Bis-

2447 2803 2568 2848 πεις
2597 2787 2713 2849 πῶς
2743 2786 2856 2840 ἀνω
2881 2788 2973 2838 καὶ
2998 2788 3149 2840 κάτω
3173 2786 3424 2857 στρέφων
3441 2787 3625 2847 αὑτὸν,
3642 2788 3765 2848 τοῖς
3793 2788 4038 2846 ἐπαίνοις

2445 2876 2628 2946 βάλλει
2654 2878 2749 2930 καὶ
2771 2877 3062 2948 ὑπεραίρει
3089 2895 3104 2941 ;
3138 2879 3251 2931 ἄνω
3279 2879 3398 2947 μὲν,
3423 2877 3506 2928 δτι
3545 2895 3563 2926 ι
3589 2877 3659 2929 Εἴ
3682 2893 3740 2928 τι
3771 2875 3932 2945 αὐτῷ
3954 2894 4036 2927 κε-

2441 2969 2748 3039 καύχημαι,
2771 2970 2832 3022 οὒ
2857 2969 3236 3039 κατῃσχύνθην
3257 2984 3270 2998 ’
3307 2985 3325 3018 I
3350 2967 3468 3028 καὶ.
3494 2968 3576 3019 ὅτι
3607 2985 3626 3017 ι
3662 2966 3731 3019 Ἦ
3767 2966 4034 3035 καύχησις

2440 3059 2597 3129 ἡμῶν
2616 3103 2630 3125 ,
2660 3062 2693 3131 ἡ
2729 3061 2821 3114 ἐπὶ
2841 3061 3034 3140 Τίτου,
3071 3061 3303 3130 ἀλήθεια
3332 3052 3589 3130 ἐγενήθη.
3632 3079 3651 3111 a
3680 3059 3862 3112 Κάτω
3896 3058 3953 3110 δὲ
3974 3059 4032 3118 ⁸⁵,

755 3137 900 3192 facta
923 3149 1027 3194 est.
1079 3161 1098 3193 ι
1137 3141 1284 3197 Infra
1323 3160 1452 3199 vero
1479 3162 1762 3217 exponens
1796 3162 2000 3218 quanta
2039 3164 2184 3209 esset
2215 3157 2336 3224 ejus

2443 3155 2540 3222 τὴν
2594 3137 3011 3224 σπουδὴν-ὅσην
3059 3148 3175 3224 εἶχε
3212 3155 3342 3223 περὶ
3381 3153 3482 3221 τὴν
3513 3153 3801 3205 διακονίαν
3823 3151 3939 3204 τῶν
3963 3155 4034 3212 είς

751 3221 1070 3286 εοΙΙίεΙιυὰο
1101 3233 1155 3288 in
1206 3236 1576 3292 ministerium
1619 3242 1860 3310 gentium
1898 3259 2020 3313 qum
2065 3248 2334 3302 credidis-

2443 3218 2677 3315 Χριστὸν
2731 3218 3180 3299 πεπιστευκότων
3238 3218 3451 3297 έθνῶνλ
3513 3265 3532 3296 ι
3596 3243 4034 3312 Σπουδαιότερος

749 3325 947 3378 sentin
976 3325 1262 3382 Christum
1303 3347 1317 3383 :
1356 3348 1375 3381 ι
1410 3329 1547 3385 Cum
1586 3333 1734 3387 enim
1762 3343 1932 3401 esset,
1985 3338 2183 3408 inquit,
2218 3342 2330 3396 sol-

748 3416 973 3480 licitior,
1006 3434 1105 3474 sua
1139 3421 1422 3477 voluntate
1454 3424 1738 3491 profectus
1772 3437 1854 3482 est
1890 3427 1958 3482 ad
1988 3445 2106 3486 vos.
2147 3449 2166 3483 ι

816 3505 964 3563 Ades
998 3524 1151 3573 vero,
1203 3512 1371 3566 etiam
1430 3513 1586 3569 Pauli
1632 3519 1846 3572 socium
1900 3523 2191 3578 ostendam
2238 3523 2331 3580 Ti-

743 3605 882 3665 tum,
913 3601 1332 3670 et'adjutorem,
1373 3616 1428 3662 et
1459 3609 1690 3674 gloriam
1720 3611 1952 3677 Christi,
1983 3627 2036 3670 et
2057 3615 2329 3675 Ecclesia-

741 3703 863 3741 rum
892 3692 1226 3758 apostolum.
1265 3695 1552 3765 Compleat
1590 3715 1760 3768 porro
1800 3704 1932 3757 mihi
1959 3702 2158 3763 Paulus
2189 3709 2325 3778 ipse,

740 3791 804 3832 os
836 3778 970 3834 illud
1000 3778 1231 3848 Christi.
1272 3790 1550 3846 sermonis
1587 3806 1944 3850 consensum.
2005 3796 2182 3855 Unius
2230 3816 2328 3856 eo-

739 3882 860 3922 rum
885 3885 1026 3939 quos
1066 3888 1175 3927 una
1208 3891 1332 3951 cum
1407 3878 1530 3948 ipso
1568 3881 1816 3939 misisset
1850 3884 1905 3939 in
1956 3887 2322 3948 ministerium

736 3955 855 4024 ipse
897 3957 1196 4028 creditum,
1249 3969 1722 4035 comparationem
1771 3977 2084 4033 accuratius
2115 3981 2325 4039 edisse—

736 4063 863 4104 rens
898 4067 911 4104 τ
950 4070 969 4102 ι
1012 4051 1139 4110 Sive
1167 4058 1313 4112 enim
1351 4075 1451 4129 pro
1479 4060 1628 4128 Tito,
1667 4065 1866 4135 inquit,
1891 4071 2101 4139 quiest
2136 4077 2322 4134 socius

733 4156 914 4204 meus,
976 4152 1030 4198 ct
1083 4147 1136 4201 in
1185 4150 1340 4206 vobis
1377 4153 1636 4222 adjutor:
1690 4158 1805 4215 sive
1865 4161 2064 4220 fratres
2122 4174 2319 4233 nostri,

730 4233 964 4300 apostoli
1008 4234 1404 4304 Ecclesiarum,
1454 4244 1630 4322 gloria
1667 4247 1876 4306 Christi
1909 4261 1961 4307 1.
2009 4274 2027 4306 ι
2062 4255 2322 4315 Vidistin‘

729 4326 1034 4394 aqualem?
1066 4329 1202 4386 Num
1239 4333 1334 4389 tibi
1371 4335 1596 4393 videtur
1625 4356 1909 4411 magnum,
1945 4351 2185 4418 ut~quod
2232 4364 2318 4410 est

729 4418 1004 4483 posterius
1036 4418 1228 4487 Paulo,
1271 4440 1396 4480 cum
1442 4427 1616 4485 Paulo
1655 4433 1979 4501 collocetur.
2028 4427 2211 4510 sitque
2252 4460 2316 4499 ac

2436 3336 2564 3406 γὰρ,
2610 3336 2816 3406 φησὶν,
2873 3337 3179 3407 ὑπάρχων,
3233 3335 3579 3407 αὐθαιρέτως
3638 3335 3846 3404 ἐξῆλθε
3905 3337 4032 3406 πρδς

2437 3426 2600 3489 ὑμᾶς.
2651 3445 2670 3478 I
2723 3424 2732 3433 ’

2707 3535 2798 3587 μοι
2831 3518 2927 3571 καὶ
2963 3517 3222 3571 κοινωνὸν
3267 3515 3426 3582 δείξω
3471 3516 3687 3571 Παύλου
3722 3516 3823 3569 τδν
3850 3517 4029 3579 Τίτον,

2433 3609 2527 3661 καὶ
2557 3608 2820 3678 συνεργὸν
2841 3648 2855 3672 ,
2889 3607 2982 3661 καὶ
3014 3606 3176 3672 δόξαν
3197 3607 3468 3690 Χριστοῦ,
3506 3609 3601 3660 καὶ
3630 3605 3744 3659 τῶν
3793 3607 4029 3675 Ἐκκληο

2433 3699 2566 3752 σιῶν
2596 3697 2911 3753 ἀπόστολον.
2942 3699 3362 3770 Συμπληρούτω
3381 3699 3439 3752 δέ
3466 3717 3557 3770 μοι
3589 3697 3815 3762 Παῦλος
3841 3699 4028 3760 αὐτὸς,

2429 3791 2668 3862 Χριστοῦ
2697 3792 2760 3845 τὸ
2789 3791 2986 3862 στόμα,
3024 3790 3322 3860 τοῦ-λόγου
3347 3791 3449 3862 τὴν
3483 3793 3828 3861 σύμφρασιν.
3883 3791 4028 3853 Ἕνὺς

2430 3881 2872 3953 κατασύγκρισιν
2891 3882 3146 3948 ὶπιξιὼν,
3174 3881 3283 3946 οὓς
3298 3882 3450 3953 αὐτῷ
3479 3881 3925 3936 συῖιαπέστειλεν
3955 3883 4027 3944 είς

2426 3973 2526 4045 τὴν
2580 3973 2862 4028 διακονίαν
2913 3974 2983 4044 ἢν
3040 3974 3403 4028 πεπίστευτοσ
3464 3991 3484 4024 ι
3528 3973 3656 4028 Birt
3699 3973 3822 4046 γὰρ
3890 3975 4026 4045 ὑπὲρ

2427 4067 2610 4130 Τίτου,
2648 4066 2808 4137 φησὶ,
2840 4066 3099 4129 κοινωνὸς
3133 4064 3268 4136 έμδς
3299 4066 3394 4119 καὶ
3427 4067 3508 4129 είς
3548 4066 3696 4135 ὑμᾶς
3718 4067 4024 4134 συνεργός·

2423 4159 2548 4213 εἴτε
2581 4159 2802 4229 ἀδελςοὶ
2851 4158 3048 4230 ἡμῶν,
3102 4159 3398 4213 ἀπόστολοι
3464 4157 3837 4226 Ἐκκλησιῶν,
3904 4157 4025 4220 δόξα

2421 4251 2683 4323 Χριστοῦ.
2728 4271 2747 4304 ι
2797 4247 2953 4315 Εἶδες
2985 4251 3293 4322 ίσομοιρίαν
3328 4251 3599 4316 πίστεωςς
3631 4251 3751 4303 Οὐκ
3798 4247 3918 4320 ἇρά
3950 4267 4023 4302 σοι

2421 4343 2737 4415 θαυμαστὸν
2763 4345 3188 4414 καταφαίνεται,
3215 4343 3354 4414 μετά
3385 4343 3602 4396 Παύλου
3622 4342 3683 4395 τὸ
3707 4343 3857 4410 μετά
3883 4341 4024 4396 Παῦ-

2419 4436 2511 4488 λον
2540 4438 2798 4506 τετάχθαι
2828 4478 2842 4502 ,
2880 4437 3144 4490 κοινωνόν
3173 4454 3232 4489 τε
3267 4435 3460 4488 τούτου
3493 4435 3586 4488 καὶ
3620 4437 3903 4503 συνεργὸν
3934 4435 4021 4486 καὶ

725 4506 940 4563 dicatur
979 4509 1101 4580 ejus
1153 4517 1339 4570 socius
1397 4533 1461 4573 ac
1509 4522 1770 4590 adjutor?
1817 4525 2011 4594 Cujus,
2063 4506 2310 4603 inquam,

2447 4523 2559 4580 ίναι
2601 4529 2695 4580 καὶ
2734 4529 3137 4598 ὀνομάζεσθαις
3183 4527 3438 4580 Παύλουο
3493 4526 3696 4590 ποίους
3743 4525 3848 4577 τοῦ
3888 4527 4022 4589 ὑπὲρ

724 4595 880 4654 Pauli
905 4603 1094 4658 socius
1126 4605 1499 4678 adjutorque?
1523 4613 1658 4682 Ejus
1683 4621 1780 4686 qui
1808 4620 1992 4676 volatu
2029 4595 2315 4683 transcan

720 4690 800 4744 clit
833 4695 1054 4749 tertium
1082 4700 1305 4765 omium,
1339 4704 1638 4776 audituque
1657 4725 1717 4764 ea
1753 4716 1997 4783 suscepit
2031 4735 2153 4786 qua:
2183 4723 2319 4776 nnlv

721 4782 806 4838 lus
839 4788 1012 4853 possit
1057 4789 1276 4848 cﬂ'erre.
1329 4794 1432 4861 Qui
1462 4798 1704 4869 denique
1738 4813 1867 4860 ante
1913 4809 2307 4869 resolutionem

716 4891 745 4928 a
783 4891 980 4946 morte,
1011 4885 1227 4940 meliori
1276 4889 1416 4944 citra
1467 4898 1936 4962 comparationem
1986 4917 2152 4972 supra
2205 4907 2310 4961 hu-

713 4983 934 5027 manam
965 4976 1221 5045 scientia,
1268 4992 1458 5052 raptus
1512 4996 1616 5040 est.
1669 4987 1801 5056 Ejus
1855 4990 2015 5050 Titus
2069 4999 2302 5068 socius,

2421 4621 2606 4692 τρίτον
2644 4623 2878 4694 οὐρανδν
2923 4624 3305 4687 ἀναπτάντος’
3360 4625 3457 4677 καὶ
3485 4621 3728 4684 διακαῶς
3771 4622 3823 4652 ⁸³
3871 4621 4022 4702 δεξαο

2425 4718 2586 4788 μένου
2613 4717 2682 4770 τά
2713 4719 2879 4770 πᾶσιν
2909 4717 3194 4787 ἀνέκφορα
3216 4734 3230 4748 ο
3273 4717 3367 4769 καὶ
3409 4715 3514 4784 πρὸ
3547 4715 3648 4782 τῆς
3675 4711 4019 4774 ἀναλύσεως.

2419 4811 2667 4879 κρεῖττον
2688 4808 3040 4879 ἀσυγκρίτως
3068 4808 3100 4878 ἦ
3127 4806 3559 4876 καθ“”ή’μετέραν
3590 4805 3830 4871 γνῶσιν,
3856 4805 4022 4873 ἀναρ-

2419 4899 2725 4963 πασθέντος
2777 4903 2858 4965 είς
2897 4901 2990 4954 τὸν
3023 4900 3375 4970 παράδεισον.
3417 4898 3634 4951 Τούτου
3678 4898 3948 4958 κοινωνὸς
3996 4897 4018 4947 ό

2417 4995 2598 5060 Τίτος,
2635 4995 2731 5048 καὶ
2767 4995 3033 5066 συνεργὸς
3080 4997 3176 5048 καὶ
3213 4994 3575 5062 συνέκδημος.
3621 4992 3730 5045 Καὶ
3765 4995 3835 5046 οὐ
3865 4992 4017 5045 τοῦτο

710 5058 1042 5133 adiutorque
1067 5075 1121 5121 et
1178 5084 1366 5128 comes
1413 5085 1517 5130 est.
1577 5076 1687 5132 Nec
1739 5079 1790 5133 id
1848 5083 2052 5140 solum.
2111 5058 2301 5146 verum

2444 5093 2468 5160 ὲ
2522 5058 2705 5161 μύνον,
2753 5058 2914 5146 ἀλλά.
2943 5058 3040 5146 καὶ
3075 5092 3206 5156 δόξα
3255 5058 3520 5164 Χριστοῦ,
3571 5092 3668 5144 καὶ
3712 5091 4015 5151 ἀπόστολος

708 5151 897 5219 etiam,
933 5173 956 5207 1
994 5157 1182 5214 Gloria
1222 5163 1426 5219 Christi
1475 5179 1528 5221 et
1552 5172 1837 5238 apostolus
1861 5175 2296 5237 Ecclesiarum.»

710 5239 844 5298 Vide
874 5244 1063 5313 igitur,
1097 5259 1156 5304 ut
1179 5255 1371 5309 eodem
1402 5274 1526 5311 cum
1556 5260 1728 5318 Paulo
1753 5266 1954 5334 spiritu
1983 5272 2302 5329 ambulaveo

707 5331 798 5394 rit,
830 5347 1124 5406 moresque
1161 5342 1230 5394 ab
1257 5347 1505 5402 avaritiae
1539 5353 1797 5429 sordibus
1831 5357 2150 5415 testimonio
2180 5363 2300 5417 vin-

703 5424 940 5484 dicatos.
995 5431 1137 5487 Audi
1182 5451 1314 5491 vero
1369 5439 1485 5510 ipsa
1538 5426 1834 5517 perspicue
1875 5448 2031 5506 Pauli
2089 5457 2298 5514 verba:

781 5584 798 5618 ⁸
841 5587 887 5644 ll
919 5593 1046 5652 Cor.
1087 5613 1185 5664 νει,
1221 5601 1275 5656 4.

2419 5183 2784 5254 Ἐκκλησιῶν.
2847 5185 2991 5255 Ὅρα
3055 5185 3121 5256 δὴ
3169 5181 3264 5240 οῦν
3323 5186 3525 5251 αὐτὸν,
3583 5188 3681 5240 καὶ
3724 5186 3812 5257 τῷ
3871 5187 4016 5255 αὐτῷ

2410 5276 2685 5346 πνεύματι
2732 5278 2948 5330 Παύλου
2993 5281 3479 5351 περιπατήσαντα,
3530 5280 3592 5334 τό
3641 5297 3703 5334 τε
3744 5281 3851 5334 τοῦ
3897 5283 4016 5352 τρόο

2409 5389 2512 5424 που
2556 5374 2618 5426 τὸ
2661 5375 3042 5447 ἀφιλάργυρον
3105 5378 3584 5449 μαρτυρούμενον.
3627 5381 3844 5434 ’Δκουε
3885 5379 4012 5448 γοῦν

2410 5465 2594 5534 σαφῶς
2625 5467 2766 5522 αὐτά
2797 5468 3014 5523 Παύλου
3047 5470 3116 5525 τὰ
3144 5473 3370 5544 ῥήματα
3397 5491 3410 5504 ·
3442 5493 3461 5526 ι
3491 5476 3676 5558 ξΕστω
3695 5475 3779 5541 δδ,
3817 5481 4007 5552 φησὶν,

1359 5617 1383 5644 ιι
1432 5607 1545 5662 ibid
1611 5611 1722 5674 6,7.
1803 5625 1827 5652 '
1863 5617 1996 5674 ibid.
2030 5571 2234 5679 ἰωες.
2316 5635 2340 5664 ³
2365 5627 2500 5687 ibid.
2537 5634 2630 5689 25.
2706 5646 2736 5687 1
2764 5637 2809 5692 ll
2846 5638 2977 5695 Cor.
3016 5654 3137 5707 VIII,
3169 5640 3257 5699 23-.

1997 5737 2236 5798 νΑηιΑς
2281 5743 2689 5813 LECTIONES.
2726 5802 2729 5804 _

761 5802 806 5833 "'
843 5803 1008 5868 Forte
1039 5813 1193 5872 deest
1217 5816 1412 5888 λέγων.
1493 5825 1540 5859 ⁸⁸⁸
1567 5825 1725 5883 Forlc
1761 5828 1828 5883 δι’
1860 5831 2052 5902 ἀκοῆςο
