4176 6448
131 378 265 457 ιιεθ

1314 378 1394 435 IN
1430 379 1878 438 APOSTOLUM
1911 379 2156 438 TITUM

3201 385 3355 451 1155

126 490 237 558 ἑγὼ
253 489 314 542 ού
342 486 696 556 κατεϐάρησα
719 486 863 555 ὑμᾶς
881 503 896 520 ·
923 487 1035 540 ἀλλ’
1067 487 1326 557 ὑπάρχων
1364 489 1688 557 πανοῦργος,

1802 505 1819 538 ι
1855 487 1961 542 Sed
1996 497 2136 552 esto,
2169 489 2366 556 inquit,
2398 505 2497 559 ego
2522 506 2621 547 vos
2670 507 2777 546 non
2809 493 3051 562 gravavi,
3103 493 3197 548 sed
3231 510 3358 551 cum

123 580 260 650 δόλῳ
287 580 430 648 ὑμᾶς
451 578 659 631 ιλασον.
700 597 719 627 ι
753 577 817 630 Τί
849 578 1059 646 λέγεις;
1094 578 1240 647 Δόλῳ
1259 578 1562 647 πανοῦργος
1593 581 1694 631 ὑπ-

125 671 310 740 άρχων
337 667 480 732 εἷλες
504 706 519 731 ,
555 668 648 731 οὓς
704 669 791 720 διὰ
839 668 1074 737 Χριστὸν
1105 669 1516 739 έσαγήνευσας;
1565 670 1692 732 Ναὶ,

124 761 280 830 φησί.
315 761 426 830 Τὴν
459 759 627 829 καλὴν
653 760 869 828 ἀπάτην
898 761 1176 831 ὴπάτησα,
1211 762 1439 830 μιμήσει
1460 759 1693 829 Χριστοῦ

123 848 218 901 τοῦ
246 849 337 901 τὸν
361 847 552 918 ἑχθρδν
575 848 986 916 φενακίσαντος.
1012 850 1120 902 Καὶ
1147 850 1255 919 γὰρ
1282 850 1485 901 ἐκεῖνον
1514 848 1696 901 δελεάο

125 955 226 1000 σας
270 938 347 1008 τῷ
385 939 481 1006 τῆς
515 938 716 1008 σαρκὸς
757 938 1205 1008 προκαλύμματι,
1255 937 1503 1006 θεότητος
1539 939 1697 1006 ἀγκί-

127 1046 274 1099 στρῳ
305 1030 337 1099 ἢ
375 1029 469 1082 καὶ⁵
490 1031 535 1062 ⁸⁸
569 1028 932 1097 προϐλήματι.
969 1030 1040 1080 Th
1080 1029 1133 1080 δὲ
1169 1030 1528 1098 πανοῦργος,
1577 1032 1695 1082 ἀντὶ

123 1118 242 1184 τοῦ,
268 1119 482 1187 σοφός,
521 1119 957 1187 έκλαμόάνομεν.
993 1137 1010 1169 ι
1055 1121 1234 1172 Ἔστω
1265 1116 1378 1184 οὖν,
1403 1121 1554 1188 φησὶ,
1588 1120 1697 1186 ἐγὼ
1738 1153 1740 1155 ›

124 1206 187 1257 ού
249 1207 603 1276 κατεϐάρησα
660 1208 838 1274 ὑμᾶς·
901 1207 1017 1258 ἀλλ’
1065 1206 1323 1275 ὑπάρχων
1372 1207 1694 1276 πανοῦργος,

124 1296 261 1364 δόλῳ
287 1296 428 1364 ὑμᾶς
450 1296 662 1349 ἓλαόον.
696 1297 787 1364 Μή
832 1311 953 1347 τινα
989 1295 1047 1347 ὃν
1075 1295 1369 1348 ἀπέστειλα
1399 1297 1531 1367 πρὸς
1557 1299 1697 1366 ὑμᾶς

125 1384 550 1454 ἐπλεονέκτησεν
573 1385 748 1454 ὕμᾶςς
786 1386 1143 1454 Παρεκάλεσα
1167 1387 1344 1454 Τίτον,
1378 1391 1470 1440 καὶ
1496 1405 1697 1441 συναπ-

125 1473 344 1527 έστειλα
361 1476 450 1528 τὸν
468 1475 716 1544 ἀδελφόν.
735 1477 894 1545 Μήτι
916 1475 1342 1546 ἐπλεονέκτησεν
1362 1479 1503 1547 ὑμᾶς
1520 1480 1696 1545 Τίτος;

125 1567 205 1619 Οὐ
228 1565 306 1635 τῷ
336 1565 486 1635 αύτῷ
517 1565 788 1634 πνεύματι
819 1568 1338 1636 περιεπατήσαμενς
1365 1569 1438 1620 UO
1468 1571 1577 1631 τοῖς
1604 1570 1698 1622 αὺ-

122 1659 239 1720 τοῖς
271 1657 508 1726 ῖχνεσινς
555 1675 573 1708 ι
611 1653 752 1724 Εὖγε
799 1656 898 1725 τῆς
927 1656 1216 1724 ἀληθείαςί
1259 1657 1558 1728 Ὑπέρευγε
1607 1660 1698 1712 τοῦ

128 1742 465 1812 ηνεύματος.
495 1743 636 1795 οὕτω
662 1743 1101 1812 συναρμόσαντος
1126 1745 1292 1813 ἄμφω
1313 1748 1435 1808 τοὺς
1465 1749 1696 1817 Χριστο-

1795 591 1973 630 essem
2007 587 2220 632 astutus
2252 578 2379 631 dolo
2426 595 2519 632 vos
2575 581 2690 648 cepi
2729 589 2773 633 ι.
2825 599 2842 632 i
2889 581 3029 647 Quid
3078 582 3195 636 ais?
3223 583 3359 637 Cum

1795 681 1946 720 esses
1982 675 2222 731 astutus,
2254 683 2348 723 eos
2377 669 2504 722 dolo
2535 671 2749 739 cepisti,
2784 687 2924 739 quos
2955 679 3177 740 propter
3204 672 3357 726 Clu-i-

1796 766 1934 809 stum
1973 757 2216 825 piscatus
2264 761 2362 811 es?
2398 759 2493 821 Ita,
2547 762 2762 829 inquii:
2832 761 2981 814 Bono
3031 779 3126 818 vos
3173 779 3360 820 erro.e

1795 845 2003 914 decepi,
2045 847 2252 902 Christi
2297 851 2546 918 exemplo
2576 852 2666 918 qui
2704 851 2846 902 hosti
2906 853 3094 907 illusit.
3133 854 3264 906 Nam
3293 865 3360 908 et

1797 934 1947 988 illum
1973 938 2160 991 carnis
2195 938 2480 990 involucro
2512 955 2608 992 ceu
2641 955 2763 993 esca
2801 940 3015 1002 fallens,
3055 943 3360 997 divinitatis

1797 1021 1960 1074 hamo
2024 1024 2139 1077 sive
2200 1027 2360 1076 etiam
2425 1028 2676 1093 pHBSitiiO
2735 1029 2901 1095 cepit.
2956 1028 3088 1083 Illud
3145 1039 3361 1094 autem,

1797 1121 2024 1174 astulas,
2088 1129 2184 1182 pro
2227 1129 2293 1168 eo
2348 1118 2696 1184 exponimus,
2753 1120 2899 1184 quod
2962 1127 3066 1183 est,
3127 1122 3361 1187 sapiens.

1801 1218 1818 1250 ι
1859 1200 1963 1256 Sed
1991 1212 2130 1267 esto,
2165 1205 2365 1274 inquit,
2411 1223 2512 1276 ego
2546 1223 2640 1261 vos
2678 1225 2786 1261 non
2812 1213 3054 1279 gravavi,
3099 1213 3192 1265 sed
3237 1228 3360 1266 cum

1769 1296 1972 1346 ‘cssem
2025 1301 2263 1357 astutus,
2295 1296 2423 1349 dolo
2449 1311 2544 1350 vos
2572 1297 2710 1366 cepi.
2753 1297 3010 1367 Nunquid
3047 1302 3246 1370 aliquis
3269 1321 3363 1354 en-

1799 1395 1916 1433 rum
1951 1398 2088 1450 quos
2138 1385 2264 1437 misi
2313 1385 2378 1437 ad
2425 1401 2543 1448 vos,
2578 1389 2836 1455 espilavit
2875 1391 3009 1442 vos?
3048 1391 3246 1460 Iingmi
3272 1391 3364 1445 Ti-

1799 1477 1932 1532 tum,
1962 1480 2014 1524 et
2045 1474 2165 1526 misi
2199 1489 2323 1526 eum
2363 1476 2455 1527 illo
2485 1474 2729 1530 fratrem.
2773 1477 3027 1546 Nunquid
3065 1480 3225 1536 Titus
3259 1498 3357 1535 vos

1797 1561 2092 1626 expilavit?
2157 1562 2347 1616 Nonne
2410 1565 2600 1622 eodem
2667 1568 2861 1634 spiritu
2920 1571 3364 1625 atilltuiatiIHUS?

1797 1649 1989 1705 Nonne
2023 1652 2214 1705 iisdem
2249 1654 2495 1727 vestigiis
2527 1656 2586 1707 ’ἲ
2621 1674 2639 1707 i
2678 1659 2827 1724 Euge
2868 1662 3181 1714 veritatem!
3216 1663 3364 1730 Euge

1800 1741 1971 1810 magis
2022 1742 2309 1811 Spiritum,
2355 1747 2445 1812 qui
2501 1746 2572 1798 ita
2613 1747 2802 1800 ambos
2831 1748 3035 1802 Christi
3087 1766 3365 1818 przecnnes

123 1830 373 1901 κήρυκας
401 1831 414 1884 ι
441 1831 581 1901 Ἤδη
616 1833 713 1902 μὲν
741 1827 835 1885 οὖν
865 1829 923 1885 εὗ
956 1834 1097 1902 μάλα
1131 1833 1292 1896 αὐτὸς
1319 1837 1351 1904 η
1382 1835 1508 1900 δόξα
1536 1837 1694 1890 Τίτου

1801 1834 2101 1902 eoaptavit!
2132 1832 2251 1886 Jam
2284 1850 2416 1888 sane
2443 1837 2678 1889 maxime
2717 1837 2835 1905 ipse
2872 1836 2976 1890 Titi
3025 1841 3195 1908 gloria
3231 1839 3366 1896 Piu-

124 1922 358 1986 Παῦλος,
410 1923 501 1976 τὸν
553 1923 772 1978 ιπαινον
823 1923 1111 1993 προλαϐὼν
1159 1925 1536 1995 ἁπηκρίόωσε,
1586 1931 1696 1991 τοῖς

124 2013 322 2067 ἑαυτοῦ
348 2013 416 2067 τὰ
437 2014 649 2069 ἐκείνου
673 2017 992 2087 συγκρίνας,
1027 2017 1224 2087 ἄριστὰ
1248 2034 1305 2069 τε
1339 2018 1526 2072 τοῦτον
1556 2020 1694 2086 ἐξει-

126 2106 354 2169 κονίσας
385 2104 845 2176 εύχρωματίστως
877 2107 1343 2180 διεζωγράφησεν.

221 2275 372 2342 Δλλῗ,
410 2272 454 2330 ὦ
481 2279 717 2349 μακάριε
775 2279 957 2352 Πάτερ
979 2323 993 2344 .
1032 2283 1091 2336 τὸ
1123 2285 1266 2355 μέγα
1310 2289 1538 2360 Κρήτης
1565 2290 1697 2345 καύ-

124 2381 282 2436 χημα
314 2369 408 2422 καὶ
436 2369 817 2440 καλλώπισμα,
864 2375 1087 2445 καὶτῆς
1126 2379 1330 2449 σκηνῆς
1369 2380 1469 2450 τῆς
1514 2383 1698 2449 ἀληθι-

124 2459 246 2528 νῆς,
279 2460 372 2514 καὶ
427 2462 525 2530 τῆς
579 2462 693 2516 ἄνω
736 2465 1188 2537 μυστολατρείας,
1245 2473 1337 2526 καὶ
1381 2473 1489 2526 τῶν
1540 2474 1698 2528 θείων

74 2596 84 2606 .
127 2552 407 2622 ὐφηγητὰ,
429 2553 586 2628 δέχου
620 2554 757 2625 πρὸς
784 2557 940 2626 ἡμῶν
961 2553 1071 2612 οἷόν
1105 2577 1156 2614 τι
1187 2563 1499 2634 Σειρήνειον
1538 2567 1698 2635 μέλος

123 2644 220 2696 τὸν
247 2645 507 2717 ἐφύμνιον
537 2647 712 2715 λόγον,
748 2652 839 2704 καὶ
890 2653 1202 2722 τραυλίζειν
1237 2657 1496 2722 ἐθέλοντι,
1547 2661 1698 2728 φιλό·

128 2751 358 2806 στοργος
385 2737 480 2802 ὢν,
505 2739 703 2810 ἥδιστα
737 2743 1019 2811 παράδαλε
1049 2747 1140 2799 σὸν
1179 2744 1270 2810 οὖς
1291 2752 1444 2818 ἐμοῖς
1497 2752 1693 2820 λόγοις.

125 2825 263 2880 Φίλα
299 2828 408 2898 γὰρ
439 2832 677 2901 πατράσι
701 2835 769 2886 τὰ
801 2834 909 2887 τῶν
946 2837 1151 2891 τέκνων
1183 2838 1544 2911 ψελλίσματα,
1572 2844 1699 2897 ὅταν

126 2914 188 2979 ἐξ
221 2917 444 2986 ἀτέχνου
466 2919 694 2992 γνώμης
720 2923 994 2980 ἄπλαστον
1022 2929 1179 2996 λόγον
1199 2933 1499 3000 προΐενται.
1530 2935 1699 3003 Λόγος

125 3006 182 3059 δὲ
217 3011 364 3072 ποῖος
398 3009 465 3063 ἂν
509 3014 603 3066 καὶ
650 3013 827 3085 δοθείη
863 3017 941 3087 τῷ
993 3019 1158 3089 μηδὲν
1191 3021 1492 3092 εὓχρηστον
1521 3023 1698 3094 ἔχοντι

127 3096 267 3165 πρὸς
291 3098 554 3169 ὑποδοχὴν
581 3102 672 3154 τοῦ
698 3110 1140 3177 συντετμημένου
1181 3113 1274 3166 καὶ
1300 3117 1698 3169 συνεκτικωτά-

127 3205 224 3277 του
254 3189 436 3257 λόγου,
460 3193 600 3262 πλὴν
624 3195 715 3247 τοῦ
747 3199 826 3260 είς
856 3171 1086 3269 δύναμιν
1107 3203 1331 3272 ἥκοντος
1355 3209 1454 3276 τῆς
1483 3209 1541 3260 έν
1570 3209 1702 3279 ἡμῖν
1732 3171 1773 3226 c

125 3272 450 3348 ἁσθενείας;
510 3286 575 3341 Σὲ
607 3287 663 3340 δὲ
690 3289 774 3351 τίς
803 3289 870 3344 ἂν
920 3293 1014 3344 καὶ
1046 3295 1169 3347 κατ’
1212 3296 1370 3360 ἀξίαν
1399 3272 1702 3355 ἐπαινέσειε

127 3373 309 3439 λόγος,
343 3374 571 3429 ,ἄνωθεν
605 3379 758 3450 παρὰ
792 3381 997 3451 Κυρίου
1047 3386 1275 3440 λαϐόντα
1323 3390 1414 3441 τὸν
1449 3391 1700 3457 ἔπαινον;

142 3465 234 3527 Ὠς
249 3468 376 3518 ὅταν
398 3469 813 3537 ύποφωνοῦντος
843 3474 1006 3526 αὑτοῦ
1033 3477 1366 3545 διαπρυσίως
1387 3482 1698 3552 ἀκούωμεν,

128 3554 205 3623 πῆ
234 3555 336 3621 μέν
363 3573 376 3586 ο
408 3575 426 3607 ι
469 3557 659 3624 Ὑμεῖς
691 3563 813 3613 ὲστε
843 3563 905 3615 τὸ
929 3563 1025 3626 ἃλς
1047 3567 1144 3634 τῆς
1174 3569 1294 3636 γῆς.
1334 3591 1352 3620 ι
1379 3589 1474 3620 -‹
1517 3571 1702 3641 Ὑμεῖς

128 3644 252 3695 ἐστε
281 3647 341 3698 τὸ
371 3646 484 3713 φῶς
513 3649 608 3701 τοῦ
647 3651 872 3719 κόσμου.
908 3671 926 3704 ι
961 3685 1030 3694 -
1065 3674 1084 3707 ι
1137 3657 1296 3726 Ὑμῖν
1320 3660 1534 3714 δέδοται
1559 3663 1701 3730 γνῶ-

129 3751 219 3786 ναι
263 3735 332 3822 τὰ
387 3739 664 3809 μυστήρια
689 3741 788 3810 τῆς
825 3742 1103 3810 βασιλείας
1125 3747 1219 3799 τοῦ
1246 3749 1402 3801 Θεοῦ’
1439 3769 1458 3802 ι
1500 3754 1573 3822 πῆ
1603 3754 1658 3806 δέ
1687 3772 1698 3784 ·

136 3841 155 3874 ι
205 3819 391 3893 Ὑμῶν
418 3825 474 3879 δέ
501 3829 761 3901 μακάριοι
790 3833 838 3884 οί
867 3833 1137 3903 ὀφθαλμοὶ
1177 3838 1258 3889 ὅτι
1295 3819 1573 3907 βλέπουσιξ
1609 3843 1702 3896 καὶ

128 3914 199 3970 τὰ
228 3909 343 3970 ὦτα
371 3918 524 3989 ὑμῶν
551 3919 633 3974 δτι
655 3922 934 3977 ἀκούουσι.
969 3926 1126 3994 Λέγω
1157 3927 1264 3999 γὰρ
1297 3928 1445 3999 ὑμῖν,
1466 3931 1548 3984 ὅτι
1571 3934 1702 3988 πολ-

127 4011 213 4065 λοὶ
243 4015 520 4083 προφῆται
547 4017 642 4069 καὶ
679 4017 918 4087 βασιλεῖς
973 4020 1328 4093 ἐπεθύμησαν
1363 4024 1489 4079 ίόεῖν
1526 4027 1561 4080 ἃ
1584 4028 1703 4097 βλέ-

127 4119 281 4168 πετε,
315 4106 408 4157 καὶ
432 4106 531 4160 οὐκ
558 4103 716 4171 εἶδον,
751 4111 843 4163 καὶ
866 4111 1098 4168 ἀκοῦσαι
1144 4113 1180 4167 ἃ
1210 4115 1456 4182 ἀκούετε,
1489 4121 1582 4172 καὶ
1604 4122 1702 4175 οὐκ

121 4195 386 4266 ἤκουσαν.
424 4216 442 4249 ι
478 4198 612 4253 Τίνα
656 4195 749 4267 οὖν
780 4201 944 4271 ἡμεῖς
973 4220 1056 4256 σοι
1089 4204 1182 4257 τὸν
1212 4205 1475 4275 στέφανον
1511 4209 1702 4277 πλέξο-

127 4303 260 4355 μεν;
297 4288 470 4342 Τίνων
490 4290 547 4343 δὲ
570 4291 745 4360 λόγων
765 4294 833 4346 τὰ
862 4294 998 4365 ᾶνθη
1022 4296 1390 4362 συλλέξαντες,
1425 4305 1489 4371 τῇ
1520 4307 1702 4358 πανιέ-

121 4395 207 4448 ρῳ
240 4396 334 4431 σου
358 4385 568 4452 κορυφῇ
605 4384 978 4453 περιθήσομεν
1005 4403 1017 4449 ;
1060 4388 1154 4449 Τίς
1179 4388 1354 4452 οὕτως
1385 4392 1605 4460 ἠλίθιος,
1628 4395 1701 4458 ὡς

121 4472 251 4533 τοὺς
274 4471 472 4524 ἑαυτοῦ
497 4475 604 4526 τῶν
634 4474 967 4529 δεσποτικῶν
988 4478 1383 4548 ἀντεπεξάγειν
1410 4488 1702 4553 πειρᾶσθαι
1737 4520 1779 4574 D

122 4562 140 4574 .
168 4563 180 4574 .
394 4557 420 4574 ο
583 4565 596 4574 .
691 4566 704 4574 .
840 4567 851 4574 .
997 4570 1006 4574 -
1112 4572 1119 4574 _

122 4562 348 4628 λόγουςς
388 4557 463 4616 ὧν
512 4565 606 4617 καὶ
643 4566 741 4635 μία
784 4567 947 4636 μόνον
984 4570 1207 4640 ἀρκέσει
1240 4574 1413 4644 φωνὴ,
1451 4578 1702 4648 συμπλη-

127 4653 304 4721 ρῶσαί
333 4672 424 4707 σου
449 4657 567 4708 κατ’
587 4657 744 4723 ἀξίαν
767 4658 857 4712 τὸν
878 4659 1121 4716 ῑπαινον.
1140 4663 1236 4726 Τίς
1257 4663 1393 4736 αὕτη
1427 4668 1520 4720 καὶ
1544 4671 1701 4735 ποίας

122 4745 156 4811 ἡ
191 4742 372 4813 μικρῷ
402 4746 637 4816 πρόσθεν
677 4747 823 4818 ὑμᾶς
858 4749 973 4816 φῶς
1021 4750 1115 4803 τοῦ
1143 4751 1350 4821 κόσμου
1402 4755 1699 4822 καλέσασα,

123 4837 201 4898 ὡς
232 4837 310 4906 τῷ
341 4838 542 4908 πρώτῳ
578 4839 1020 4911 μαθητευθέντας
1047 4845 1207 4910 φωτί.
1243 4846 1401 4900 Οὕτω
1429 4849 1538 4918 γὰρ
1575 4851 1703 4905 ὑπο-

125 4931 362 5002 ληπτέον
381 4931 507 4995 τοίις
531 4931 611 5001 τῷ
635 4933 970 5004 Εὐαγγελίῳ,
1002 4935 1161 5005 δίκην
1182 4938 1408 5008 ἡλιακοῦ
1436 4939 1699 5010 ἅρματος,

125 5024 232 5076 ἀνὰ
258 5024 354 5093 τὴν
384 5024 562 5078 κτίσιν
585 5021 1103 5096 τέερινοστήσαντας.
1141 5029 1328 5098 Ὑμεῖς
1360 5032 1482 5082 ἐστε
1517 5032 1578 5083 τὸ
1607 5031 1704 5095 ἃλς

125 5117 227 5184 τῆς
265 5102 619 5186 Ἔκκλησίας,
675 5117 743 5170 δι’
783 5111 845 5171 οὗ
899 5119 966 5173 τὰ
1019 5120 1190 5190 πικρὰ
1221 5121 1311 5173 καὶ
1337 5121 1556 5193 ἁλμυρὰ
1603 5123 1704 5193 τῆς

1804 1923 1908 1985 lus,
1933 1924 2052 1992 ejus
2086 1937 2341 1979 accurate
2378 1927 2744 1980 laudationem
2769 1944 3049 1998 occupans
3072 1941 3364 1988 exsecutus

1802 2021 1917 2079 est;
1961 2016 2077 2069 suis
2112 2017 2280 2084 ipsius
2323 2032 2411 2071 res
2459 2019 2606 2072 illius
2655 2034 3007 2088 comparans,
3047 2038 3109 2077 ac
3157 2040 3257 2078 ceu
3311 2026 3364 2079 in

1805 2105 2035 2176 imagine
2094 2111 2298 2177 optime
2360 2121 2797 2179 repmsenlans,
2850 2116 3067 2183 egregio
3119 2118 3363 2170 colorum

1805 2197 1936 2252 ﬂore
1975 2199 2242 2271 depinxit.

1877 2289 2006 2354 Sed,
2057 2306 2090 2344 ο
2146 2293 2299 2346 beate
2349 2289 2543 2347 Paterl
2590 2310 2783 2365 magna
2810 2296 2983 2350 Cretae
3013 2297 3271 2366 gloriatio
3303 2313 3367 2353 ac

1803 2388 2212 2445 ornamentum,
2251 2382 2481 2453 verique
2517 2384 2862 2440 tabernaculi
2896 2402 2958 2444 ac
2993 2390 3218 2458 superni
3249 2389 3368 2444 cul-

1805 2479 1916 2536 tus,
1945 2471 2370 2541 divinorumque
2407 2475 2706 2542 interpres,
2752 2478 2971 2544 suscipe
3009 2491 3037 2529 a
3073 2479 3234 2530 nobis
3267 2493 3367 2530 ceu

1807 2562 2126 2617 Sirensrum
2164 2565 2358 2630 melos,
2397 2564 2729 2620 laudationis
2774 2583 3083 2621 sermonem
3116 2586 3129 2622 :
3164 2573 3369 2638 quique

1804 2657 1882 2712 sis
1917 2656 2153 2710 llliorum
2183 2671 2394 2722 amans,
2434 2659 2638 2712 volenti
2669 2660 2962 2721 balbutire,
2999 2677 3186 2715 aurem
3221 2670 3367 2715 tuam

1805 2748 1941 2802 meis
1989 2748 2175 2801 libens
2209 2749 2562 2802 sermonibus
2603 2751 2824 2805 adhibe.
2869 2752 3059 2806 Solent
3091 2756 3235 2806 enim
3266 2754 3368 2808 Pa-
3441 2767 3445 2771 ‘

1805 2845 1918 2892 tres
1949 2847 2100 2907 grata
2133 2839 2334 2893 habere
2382 2840 2617 2892 llliorum
2660 2842 3084 2907 balbutimenta,
3123 2861 3245 2898 cum
3282 2847 3314 2897 ii
3341 2864 3371 2900 e

1807 2931 2043 2995 simplici
2097 2941 2278 2984 mente
2331 2936 2605 2986 sincerum
2653 2949 2964 2989 sermonem
3018 2937 3368 3006 depromunt.

1806 3022 1974 3088 Quem
2007 3025 2314 3083 enimvero,
2347 3032 2576 3094 excepto
2612 3025 2654 3079 si
2691 3028 2817 3095 quis
2850 3042 2980 3079 meae
3007 3028 3371 3083 imbecillitati

1807 3123 2095 3184 congruat,
2153 3131 2463 3170 sermonem
2507 3117 2774 3181 dederim,
2816 3119 2904 3171 cui
2956 3120 3091 3172 nihil
3126 3121 3189 3172 ad
3223 3136 3374 3173 com-

1808 3207 2057 3276 pendiosi
2112 3205 2531 3279 'seiisorumque
2560 3210 2942 3280 complexione
2975 3211 3377 3267 confertissimi

1805 3298 2072 3350 sermonis
2104 3300 2532 3366 susceptionem,
2557 3308 2935 3369 comparatum
2979 3305 3265 3372 suppetat!
3300 3303 3376 3360 Te

1805 3403 1933 3441 vero
1974 3391 2228 3457 quisnam
2260 3391 2426 3444 etiam
2457 3407 2633 3445 sermo
2663 3407 2763 3460 pro
2798 3396 3011 3447 meritis
3047 3395 3371 3459 laudaverit,

1805 3482 1896 3548 qui
1958 3482 2089 3534 olim
2132 3497 2161 3534 a
2203 3481 2438 3537 Domino
2493 3483 2713 3538 laudem
2784 3490 3099 3556 acceperis?
3150 3490 3218 3544 Ut
3252 3509 3374 3543 cum

1805 3573 1953 3624 clare
1975 3573 2303 3626 clamantem
2331 3575 2608 3638 audimus,
2641 3577 2749 3629 alio
2776 3578 2994 3647 quidem
3023 3579 3144 3634 loco
3170 3600 3181 3634 :
3215 3601 3231 3631 ι
3268 3581 3375 3637 Vos

1803 3665 1939 3716 estis
1979 3664 2057 3717 sal
2112 3673 2270 3718 terra:
2300 3666 2347 3718 ιι.
2378 3697 2446 3707 —-
2480 3665 2589 3720 Vos
2614 3670 2751 3722 estis
2791 3669 2972 3723 lumen
3007 3672 3197 3726 mundi
3232 3685 3278 3725 ο.
3313 3707 3376 3716 —-

1806 3751 1976 3809 Vobis
2031 3755 2221 3808 datum
2277 3767 2357 3811 est
2417 3774 2581 3813 nosse
2636 3764 2901 3831 mysteria
2942 3763 3095 3833 regni
3131 3763 3224 3817 Dei
3258 3765 3306 3819 ἀ.
3351 3785 3371 3817 ι

1806 3845 1926 3898 Alio
1964 3857 2191 3911 autem;
2249 3867 2266 3899 ι
2325 3846 2501 3903 Vestri
2556 3860 2735 3905 autem
2785 3853 2925 3907 beati
2955 3856 3096 3908 oculi
3130 3858 3258 3926 quia
3295 3860 3374 3909 vi-

1803 3934 1960 4000 dent,
2012 3943 2068 3992 et
2120 3952 2284 3994 aures
2336 3951 2533 3996 vestrae
2581 3943 2709 4012 quia
2752 3945 3008 4000 audiunt.
3053 3947 3188 4002 Dico
3227 3951 3374 4003 enim

1804 4028 1986 4093 vobis,
2050 4030 2180 4099 quia
2238 4033 2396 4085 multi
2452 4035 2734 4104 propheta:
2763 4044 2815 4090 et
2870 4052 3029 4108 reges
3085 4040 3378 4095 voluerunt

1805 4119 1993 4174 videre
2023 4136 2144 4189 quae
2174 4137 2270 4177 vos
2299 4122 2519 4189 videtis,
2554 4133 2607 4180 et
2636 4142 2744 4181 non
2778 4129 3068 4195 viderunt;
3102 4121 3378 4188 et'andire

1804 4226 1925 4276 qua:
1955 4211 2184 4279 auditis,
2223 4223 2277 4269 et
2307 4232 2414 4270 non
2449 4220 2744 4274 audierunt
2778 4232 2822 4273 ε.
2863 4239 2881 4272 i
2911 4223 3086 4286 Quam
3118 4225 3215 4278 tibi
3247 4242 3377 4296 ergo

1806 4320 2000 4361 sumus
2031 4309 2247 4377 plexuri
2287 4315 2592 4367 coronam?
2632 4315 3009 4382 Quorumnam
3062 4337 3374 4376 sermonum

1805 4399 2069 4454 collectos
2118 4401 2282 4457 liores
2324 4414 2418 4457 tuo
2466 4408 2662 4460 vertici
2710 4409 3092 4477 imponemus?
3133 4413 3266 4478 Quis
3304 4415 3377 4467 ira

1806 4491 2031 4551 stultus,
2075 4503 2132 4545 ut
2167 4507 2300 4548 suos
2329 4510 2616 4552 sermones
2655 4501 2802 4553 velut
2840 4518 2902 4556 ex
2931 4504 3165 4559 adverso
3198 4507 3379 4560 Uomi-

1810 4581 1950 4633 nicis
1976 4589 2147 4635 tentet
2173 4583 2446 4654 ingerere,
2497 4603 2732 4656 quorum
2765 4593 2848 4646 vel
2884 4610 2991 4647 una
3023 4612 3123 4650 vox
3162 4599 3380 4654 abunde

1809 4668 1998 4736 fuerit,
2059 4673 2364 4728 laudationi
2419 4693 2518 4746 pro
2569 4681 2788 4736 meritis
2824 4686 3381 4753 eomplendae‘louae-

1809 4772 1933 4815 nam
1991 4764 2083 4818 illa
2113 4780 2213 4819 vox
2273 4775 2328 4823 et
2376 4773 2622 4838 quanta?
2670 4790 2776 4827 non
2807 4779 2880 4829 ita
2927 4779 3158 4845 pridem,
3196 4783 3377 4837 lumen

1809 4853 1996 4907 mundi
2064 4857 2370 4925 appellans.
2433 4861 2502 4915 Ut
2552 4864 2811 4918 nimirum
2861 4867 3170 4937 discipulos
3218 4876 3378 4942 primi

1760 4986 1761 4989 η
1807 4945 1955 4998 illius
2004 4947 2254 5031 luminis.
2307 4952 2402 5006 Sic
2450 4955 2597 5009 enim
2631 4956 2668 5010 ii
2697 4959 3048 5017 existimandi
3105 4976 3255 5029 sunt,
3288 4969 3381 5037 qui

1810 5035 2127 5108 Evangelio,
2159 5021 2304 5097 velut
2336 5045 2507 5098 solari
2534 5061 2725 5114 curru,
2755 5021 3382 5125 circumquaque-mmi-

1781 5127 1938 5182 dum
1970 5131 2294 5188 lustrarunt.
2331 5134 2441 5191 Vos
2466 5139 2600 5194 estis
2630 5139 2892 5198 Ecclesiae
2920 5147 3023 5208 sal,
3049 5164 3159 5217 quo
3183 5149 3384 5207 amarae

125 5207 388 5270 ἀπιστίας
443 5209 961 5281 κατεγλυκάνθησαν
1022 5211 1221 5265 ὕδατα·
1247 5212 1323 5281 τῷ
1368 5214 1578 5287 γονίμῳ
1610 5217 1703 5287 τὴν

1803 5222 2074 5292 salsasque
2102 5225 2446 5283 inﬁdelitatis
2477 5246 2637 5300 aquae
2671 5207 3080 5293 duleorantur;
3119 5245 3382 5296 sterilita-

129 5300 405 5362 ἀτεκνίαν,
427 5299 521 5351 καὶ
541 5299 618 5368 τῷ
643 5302 858 5372 ποτίμῳ
890 5303 947 5355 τὸ
968 5305 1237 5372 ἀπότιμον
1258 5305 1702 5377 διακρούσαντες.

1801 5321 1909 5370 tem
1944 5313 2285 5384 depellentes
2316 5335 2584 5378 concessa
2634 5324 2994 5393 fecunditate,
3025 5331 3384 5401 ineptamqne

137 5391 326 5460 Ὑμεῖς
345 5394 465 5444 ἐστε
491 5394 523 5462 ἡ
547 5394 633 5446 ἐπ’
657 5394 820 5464 ὅρους
843 5396 1072 5467 κειμένη
1096 5397 1205 5449 τῶν
1235 5399 1703 5469 ἐκκλησιαστικῶν

1803 5405 1868 5458 ad
1903 5415 2093 5476 potum
2142 5411 2468 5480 qualitatem
2513 5420 2669 5472 suavi
2709 5419 2774 5472 ad
2806 5391 2995 5489 potum
3035 5391 3237 5493 gratia.
3270 5391 3383 5480 VIo:

217 5535 239 5563 ι
266 5526 304 5581 II
336 5527 465 5582 Cor.
502 5544 601 5592 xit,
657 5529 744 5583 l6.

822 5543 848 5571 -
886 5533 1019 5587 ibid.
1062 5533 1124 5586 l6
1160 5534 1277 5602 is,
1325 5537 1352 5574 δ
1388 5534 1577 5591 Matth.
1615 5554 1667 5602 v,
1705 5539 1790 5592 ιδ.

1871 5552 1890 5577 ε
1930 5542 2060 5597 ibid.
2107 5545 2195 5600 Η.
2272 5545 2294 5585 ἀ
2329 5545 2488 5603 Mare.
2514 5567 2585 5616 iv,
2619 5552 2705 5606 ll.
2789 5565 2811 5592 ε
2846 5552 2982 5609 Luc.
3024 5573 3076 5621 χ,
3111 5556 3202 5609 £3.

1415 5667 1642 5725 VAllUE
1685 5672 2087 5730 LECTIONES.

198 5755 248 5788 "
268 5755 414 5811 Adde
443 5750 575 5820 εἷλε,
619 5759 698 5812 vel
724 5761 853 5827 quid
878 5760 1071 5815 simile.
