4176 6448
228 394 360 461 1161

1423 395 1499 454 [Ν
1543 396 1994 454 APOSTOLUM
2034 395 2301 453 TlTUM.

3373 402 3512 467 1162

229 509 478 572 ἔκλυτος,
507 505 585 570 ὡς
608 504 705 577 τὴν
733 506 812 570 εἰς
860 506 952 560 τὸν
983 507 1221 575 Χριστὸν
1261 496 1526 561 ἀνάλυσιν
1549 509 1806 579 δευτέραν

1922 509 2095 561 Nemo
2127 508 2197 561 sit
2242 522 2419 575 usque
2456 506 2589 561 adeo
2626 510 2831 573 mollis,
2887 522 2941 565 et
2984 513 3365 584 voluptatibus
3395 517 3508 573 dis-

226 599 418 653 θέσθαι
442 598 545 669 τῆς
568 599 708 669 μετά
733 597 829 651 τοῦ
860 597 1039 668 πηλοῦ
1059 598 1325 669 διαμονῆς
1345 601 1438 650 καὶ
1462 615 1525 651 συ
1535 598 1818 669 μπήξεως.

227 692 320 754 Εἰς
354 690 639 762 βασιλείαν
681 691 834 760 ἡμᾶς
864 692 892 742 ὁ
922 689 1159 760 Χριστὸς
1215 690 1375 742 καλεῖ
1410 688 1511 760 τὴν
1541 690 1815 758 οὐράνιον.

226 784 563 836 Δεσποτικὸν
594 782 655 836 τὸ
675 782 957 852 ἐπίταγμα
976 797 991 813 ·
1020 784 1271 850 γενναῖον
1297 781 1665 851 ἀναλάϐωμεν
1688 782 1822 852 φρό-

225 893 400 947 νημα.
459 875 702 947 Ίσχυρὸς
750 877 778 928 ό
803 874 987 928 καλῶν
1009 890 1022 903 ·
1062 875 1136 944 μὴ
1167 873 1489 943 ἀσθενῶμεν
1517 876 1583 944 τῇ
1624 874 1819 945 γνώμῃ

226 968 370 1039 πρὸς
399 966 491 1021 τὸν
533 968 677 1037 ὑπὲρ
710 966 924 1019 ἔννοιαν
973 965 1231 1030 πλοῦτον,
1272 966 1368 1017 καὶ
1418 964 1705 1034 λογισμοῖς
1734 981 1823 1034 μι-

227 1053 585 1125 κρολογῶμεν
646 1053 777 1124 περὶ
805 1053 873 1106 τὰ
913 1052 1192 1124 ὁρώμενα.
1254 1053 1320 1106 Τί
1367 1055 1484 1116 τοῖς
1522 1052 1825 1124 ὁρωμένοις

228 1144 715 1215 ἐγκαταμένομεν;
785 1143 852 1196 Τί
932 1147 1031 1214 τῆς
1116 1143 1379 1213 πατρῴας
1453 1145 1823 1216 ύπερορῶμεν

228 1235 461 1302 ὲστίας;
517 1236 681 1298 Πόλις
742 1234 902 1305 ἡμῶν
935 1236 1031 1288 καὶ
1071 1236 1295 1307 πατρὶς,
1347 1237 1380 1306 ή
1426 1236 1538 1289 ἄνω
1574 1236 1754 1288 Σιών·
1787 1237 1820 1307 ὴ

226 1327 338 1381 τῶν
361 1328 535 1395 ἁγίων
571 1327 934 1398 μητρόπολις,
967 1327 1028 1380 τὸ
1060 1328 1169 1383 τῶν
1208 1326 1571 1400 πατριαρχῶν
1594 1327 1823 1399 οἰκητή-

230 1436 371 1489 ριον,
410 1413 474 1473 οῦ
503 1420 603 1473 οὐκ
639 1417 756 1472 ἔστι
778 1420 990 1473 δάκνων
1023 1419 1144 1487 ὄφις
1177 1420 1262 1487 ἐφ’
1294 1419 1414 1472 ὁδοῦ
1446 1419 1823 1490 ἐγκαθήμενος

230 1511 511 1583 πτέρναν,
567 1510 664 1563 καὶ
695 1511 980 1581 ἀπείργων
1035 1510 1136 1579 τήν
1166 1509 1391 1563 εἴσοδον.
1442 1508 1607 1574 Σιὼν,
1657 1504 1727 1582 ἦς
1772 1510 1822 1562 oi

227 1602 431 1673 πύργοι
463 1602 558 1653 ἐπὶ
593 1601 703 1653 τῶν
743 1601 947 1671 χειρῶν
998 1602 1206 1670 Κυρίου
1261 1600 1579 1671 πεπήγασιν
1607 1594 1723 1673 ’λῆς
1766 1603 1823 1654 αἱ

226 1696 395 1749 πύλαι
429 1695 685 1765 γλύμμα,
735 1695 875 1766 πρὸς
928 1694 1027 1763 τήν
1078 1694 1292 1746 ἐκεῖθεν
1326 1694 1651 1761 εἰσάγουσαι
1695 1695 1824 1756 τοὺς

1053 1805 1079 1849 ς
1102 1787 1163 1840 τό
1192 1804 1248 1840 τε
1300 1784 1443 1849 εἶδος
1495 1788 1593 1839 καὶ
1626 1786 1823 1849 κάλλος

225 1789 497 1850 εἰσιόντας
555 1788 940 1858 μακαριότητα
963 1827 978 1853 ,

1926 598 2165 662 solutus,
2230 604 2287 647 ut
2345 596 2746 651 resofutionem
2803 600 2858 652 in
2901 599 3211 667 Christum,
3264 609 3511 661 secundo

1926 689 2046 743 loco
2091 704 2119 741 a
2155 686 2541 742 demoratione
2588 700 2641 743 et
2675 693 3035 749 concretione
3086 710 3213 748 cum
3250 697 3367 752 luto
3408 698 3508 753 ha-

1924 780 2069 836 beat.
2124 778 2236 835 Nos
2294 780 2557 835 Christus
2608 789 2770 837 vocat
2802 784 2853 836 in
2916 800 3149 855 regnum
3211 790 3507 846 caalorum.

1924 859 2213 926 Dominiea
2248 871 2428 941 jussio
2460 881 2545 929 est
2582 888 2596 926 :
2629 888 2986 932 assumamus
3022 894 3353 946 generosum
3385 884 3508 937 ani-

1926 974 2100 1012 mum.
2160 957 2343 1014 Fortis
2393 969 2479 1016 est
2513 962 2607 1032 qui
2665 974 2866 1018 vocat:
2906 981 2976 1021 ne
3017 968 3197 1023 simus
3234 971 3506 1028 imbecilla

1926 1063 2106 1107 mente
2154 1053 2223 1107 ad
2283 1054 2512 1109 divitias
2540 1061 2684 1124 _‘qua:
2710 1070 2999 1127 "superant
3082 1062 3506 1134 cogitationem,

1927 1143 2429 1213 scrupulosiusque
2478 1159 2664 1199 rerum
2696 1146 2877 1200 oculis
2919 1149 3305 1217 subjectarum
3339 1157 3507 1207 ratio-

1926 1237 2092 1293 nibus
2143 1236 2521 1293 subduceudis
2579 1239 2776 1293 intenti
2816 1240 3016 1296 simus.
3057 1241 3128 1297 Ut
3172 1247 3305 1315 quid
3342 1247 3508 1303 rebus

1924 1330 2241 1385 visibilibus
2275 1330 2681 1405 immpramur?
2727 1330 2933 1402 thuid
2968 1337 3386 1392 contemnimus
3417 1354 3508 1408 pa-

1925 1428 2138 1474 ternam
2171 1420 2434 1474 domum?
2464 1420 2676 1476 Civitas
2707 1432 2900 1478 nostra
2931 1427 3226 1494 patriaque
3263 1437 3349 1483 est
3396 1446 3509 1486 etc-

1925 1511 2087 1567 lcstis
2109 1509 2269 1576 Sion;
2304 1522 2738 1582 sanctorumque
2772 1514 2865 1568 illa
2890 1519 3238 1587 metropolis,
3268 1522 3505 1589 patriar-

1927 1602 2152 1656 charum
2185 1604 2554 1671 domicilium,
2594 1605 2686 1659 ubi
2732 1605 2891 1661 abest
2923 1623 3177 1678 serpens,
3213 1613 3416 1668 sedens
3450 1615 3505 1668 in

1926 1696 2033 1760 via,
2070 1696 2164 1765 qui
2199 1697 2520 1752 caleaueum
2545 1698 2795 1752 mordeat
2824 1708 2877 1753 et
2905 1699 3160 1770 ingressu
3190 1705 3506 1772 prohibeat.

1929 1785 2083 1851 Sion,
2123 1787 2372 1857 inquam,
2421 1788 2590 1857 cuius
2643 1797 2832 1844 turres
2874 1790 2927 1844 in
2981 1793 3242 1847 manibus
3291 1774 3504 1850 Domini

224 1876 368 1933 οἶδεν
406 1882 434 1932 ό
480 1879 907 1940 κατασκευάσας
965 1877 1118 1941 Θεός.
1176 1878 1473 1948 Περιουσία
1508 1878 1563 1931 δὲ
1586 1878 1695 1930 τῶν
1728 1894 1806 1929 πιυ

1927 1875 2044 1929 lixae
2098 1885 2274 1931 sunt:
2336 1876 2499 1946 cujus
2562 1886 2756 1948 portae.
2806 1880 3101 1945 caelatura;
3151 1899 3387 1957 qumque
3437 1885 3506 1939 ad

226 1974 441 2044 στῶν,ή
468 1974 697 2044 ἀγήρως
730 1972 866 2043 ζωὴ,
892 1971 953 2024 τὸ
979 1972 1351 2042 ἀνεκλάλητον
1383 1970 1571 2042 φῶς,ή
1612 1970 1814 2024 ἀθάνα-

223 2081 317 2127 τος
355 2064 627 2133 βασιλεία.
675 2062 783 2115 τῶν
822 2064 1210 2134 ἀποκειμένων
1250 2065 1363 2127 τοῖς
1393 2063 1566 2129 ἀξίοις
1592 2063 1814 2133 ἀγαθῶν

220 2159 258 2225 ἡ
296 2156 593 2218 ἀντίδοσις⁸
626 2154 661 2207 ἃ
695 2155 834 2224 μήτε
888 2154 1191 2225 ὀφθαλμοῖς
1237 2154 1429 2226 ὁρατὰ,
1476 2156 1613 2226 μήτε
1644 2172 1815 2226 -καρ-

220 2249 313 2320 δία
365 2246 570 2317 ληπτὰ,
608 2245 642 2300 ἃ
693 2250 808 2311 τοῖς
858 2247 1148 2315 ἀγαπῶσιν
1210 2247 1375 2301 αὑτὸν
1437 2249 1734 2318 ἡτοίμασεν
1786 2249 1815 2301 ό

218 2340 381 2403 Θεὸς.

1920 1968 2326 2024 beatitudinem
2373 1969 2492 2025 illic
2542 1971 2650 2024 loci
2693 1971 2878 2036 sitam,
2915 1987 3015 2026 eos
3038 1973 3133 2042 qui
3170 1974 3388 2029 intrant
3422 1978 3508 2031 in-

1918 2060 2126 2116 ducant
2164 2062 2326 2131 cujus
2359 2063 2602 2132 speciem
2659 2063 3035 2134 decoretnque
3073 2067 3229 2121 novit
3259 2069 3376 2137 ipse
3408 2070 3503 2139 qui

1916 2153 2206 2208 ediﬁeavit
2262 2152 2811 2222 Deus.‘,Substantia
2857 2164 3038 2211 autem
3092 2156 3504 2225 lidelium,vita

1915 2252 2003 2300 est
2033 2260 2323 2300 senescere
2363 2248 2575 2310 nescia,
2620 2248 2801 2301 lumen
2835 2248 3239 2315 inenarrabile,
3280 2252 3507 2307 immor-

1925 2338 2032 2391 tale
2071 2354 2317 2408 regnum,
2357 2340 2654 2394 retributio
2703 2341 2978 2396 bonorum
3013 2343 3196 2412 dignis
3229 2350 3505 2414 reposito-

223 2452 371 2500 rum,
405 2455 526 2509 quae
565 2453 742 2511 neque
779 2436 950 2491 videri
974 2436 1152 2492 oculis
1210 2446 1468 2507 possunt,
1530 2451 1632 2491 nec
1688 2431 1854 2489 corde
1895 2433 2286 2503 crnzprehendi
2339 2449 2460 2503 quae
2505 2432 2647 2487 Deus
2684 2440 3011 2504 prtrparavit
3091 2441 3157 2494 iis
3205 2445 3300 2512 qui
3368 2442 3500 2496 dili-

202 2542 360 2601 ‘gnnt
398 2534 579 2601 ipsum
613 2544 666 2579 ιι-
695 2544 740 2591 ο.

296 2624 448 2695 Μηδὲ
486 2623 692 2677 τούτων
722 2623 977 2693 -ἀφῶμεν
1031 2622 1130 2693 τὴν
1180 2621 1500 2693 εὐκληρίαν,
1556 2621 1673 2674 ὅσοι
1725 2618 1803 2689 τῷ

221 2715 462 2786 Οεοποιῷ
490 2704 861 2778 τεκνωθέντες
898 2714 1260 2785 βαπτίσματι,
1292 2714 1426 2767 Θεοῦ
1482 2714 1805 2784 πεφήναμεν

218 2810 413 2863 τέκνα.
480 2806 616 2860 Θεοῦ
673 2806 768 2859 τοῦ
829 2809 975 2877 ἡμᾶς
1041 2808 1426 2878 ἀγαπήσαντος
1487 2806 1581 2859 καὶ
1626 2804 1808 2869 δόντος

217 2901 545 2968 ἀντίλυτρον
568 2899 789 2953 πάντων
813 2900 991 2971 ήμῶν,
1014 2899 1106 2952 τὸν
1137 2898 1334 2952 ἑαυτοῦ
1367 2897 1540 2953 Παῖδα
1572 2898 1663 2950 τὸν
1712 2914 1809 2966 μοι

217 2995 443 3064 νογενῆ,
476 2995 570 3047 καὶ
602 2994 851 3063 συμφυῆ,
885 2996 980 3047 καὶ
1029 2993 1352 3063 όμόθρονον.
1383 2993 1474 3061 Μὴ
1523 2990 1808 3061 ἀθετῶμεν

216 3085 320 3153 τῆς
347 3084 619 3147 υἱοθεσίας
651 3085 711 3137 τὸ
733 3085 1004 3154 χάρισμα.
1038 3085 1131 3153 Μή
1171 3082 1460 3152 γενώμεθα
1493 3082 1668 3135 δοῦλοι
1709 3085 1807 3152 τῆς

214 3176 519 3246 ἁμαρτίας,
542 3175 1005 3246 ἐλευθερωθέντες
1034 3176 1092 3226 ὲν
1117 3173 1409 3242 πνεύματι.
1436 3174 1526 3245 Μή
1551 3174 1806 3242 φανῶμεν

1979 2611 2057 2667 Ne
2083 2611 2269 2682 itaque
2303 2627 2491 2666 eorum
2520 2611 2873 2669 dimittamus
2906 2614 3279 2671 liarreditatem
3307 2660 3321 2680 ,
3342 2628 3501 2689 qunt-

1908 2713 2047 2779 quot
2075 2704 2278 2759 deitieo
2309 2704 2640 2774 baptismate
2682 2706 2781 2759 lilii
2817 2707 3087 2787 rationem
3120 2708 3496 2778 adepti,.t‘acti

1911 2814 2103 2855 sumus
2135 2796 2229 2851 Dei
2268 2797 2385 2851 lilii.
2426 2797 2537 2859 Dei,
2573 2797 2823 2867 inquam,
2864 2800 3083 2869 quinos
3111 2801 3328 2867 dilexit,
3368 2805 3496 2873 qui-

1909 2904 2017 2959 que
2062 2887 2462 2957 redemptionis
2497 2890 2737 2957 pretium
2778 2906 2878 2959 pro
2914 2893 3074 2947 nobis
3102 2894 3364 2950 omnibus
3400 2894 3495 2950 Fi-

1915 2982 2050 3034 lium
2089 2996 2252 3035 suum
2306 2981 2652 3049 unigenitum
2699 2982 2951 3049 ejusdem
3007 2999 3193 3038 secum
3231 2988 3489 3041 substan-

1915 3077 2025 3139 tite,
2064 3075 2374 3143 eodemque
2403 3074 2698 3128 sublimem
2736 3076 2937 3129 throno
2961 3076 3133 3134 dedit.
3158 3078 3235 3134 Ne
3257 3083 3495 3151 gratiam

1914 3168 2231 3237 ad0ptionis
2261 3182 2611 3235 spernamus.
2640 3165 2717 3221 Ne
2746 3167 3053 3222 elﬁciamur
3078 3173 3222 3225 servi
3257 3177 3494 3239 peccati.

213 3266 399 3319 δοῦλοι
421 3267 656 3337 γαστρὸς
708 3265 921 3335 ἡδονῆς,
951 3265 1100 3334 κόρῳ
1147 3263 1246 3332 τὴν
1280 3262 1438 3332 ὓϐριν
1476 3261 1806 3329 ἀντιλαμϐα-

1914 3235 2221 3329 ιιιιί-εἰιιιυδ
2258 3259 2476 3313 liberati
2537 3260 2590 3310 in
2620 3259 2843 3327 Spiritu.
2878 3259 2955 3314 Nc
2998 3262 3145 3315 servi
3188 3235 3495 3332 voluptatis

215 3375 436 3420 νοντες*
473 3360 549 3430 μή
574 3361 686 3421 τοῖς
715 3357 915 3411 πάἾεσι
939 3356 1113 3428 θύραν
1144 3356 1467 3425 ἀνοίξωμεν,
1501 3354 1557 3420 ἐξ
1580 3349 1648 3426 ἧς
1676 3355 1809 3422 ἡμῖν

214 3454 280 3505 αἱ
311 3452 405 3504 τοῦ
438 3451 671 3506 θανάτου
702 3451 1019 3523 παλίρῥοιαι
1055 3448 1301 3519 βρύουσι.
1339 3448 1433 3518 Μὴ
1466 3447 1682 3516 στῶμεν
1711 3446 1808 3515 τῆς

214 3544 316 3596 ἐπὶ
339 3543 404 3596 τὰ
429 3545 619 3613 πρόσω
636 3544 828 3612 φορᾶς,
852 3543 967 3594 ἀλλ’
992 3543 1078 3595 ἀεὶ
1097 3541 1407 3611 τρέχωμεν,
1429 3538 1484 3590 εἴ
1504 3556 1619 3600 πως
1641 3555 1809 3591 κατα-

214 3629 496 3700 λάϐωμεν,
531 3630 628 3681 ἐπὶ
654 3629 715 3681 τὸ
746 3629 1002 3699 βραϐεῖον
1034 3629 1135 3698 τῆς
1179 3629 1291 3682 ἄνω
1327 3629 1594 3698 κλήσεως.
1628 3627 1807 3679 Καλὸν

212 3720 329 3773 τῶν
354 3721 578 3774 ὄπισθεν
631 3721 1189 3791 ἐπιλανθανομένους,
1220 3724 1335 3783 τοῖς
1365 3720 1674 3791 ἔμπροσθεν
1706 3722 1807 3772 ἐπ-

211 3813 583 3867 εκτείνεσθαι.
618 3812 798 3866 Καλὸν
835 3814 1055 3866 ἀκούειν
1088 3812 1325 3883 Χριστοῦ
1355 3813 1641 3880 λέγοντοςη
1682 3830 1700 3862 ι
1742 3812 1810 3864 Εἰ

208 3924 303 3969 τις
338 3905 482 3959 θέλει
516 3907 694 3959 όιιίσω
743 3923 845 3976 μου
901 3905 1101 3969 ἐλθεῖν,
1144 3904 1555 3976 ἀπαρνησάσθω
1590 3904 1800 3967 ἑαυτὸν,

211 4000 316 4054 καὶ
354 4001 543 4071 ἀράτω
577 3999 667 4052 τὸν
735 3999 968 4069 σταυρὸν
1031 3998 1222 4061 αὐτοῦ,
1286 4000 1380 4051 καὶ
1437 3996 1802 4051 ἀκολουθείτω

213 4107 333 4160 μοι.
376 4108 393 4140 ι
447 4090 626 4142 Καλὸν
679 4089 1003 4142 ἀκολουθεῖν
1047 4089 1123 4159 τῷ
1175 4087 1398 4158 Χριστῷ
1457 4088 1549 4141 τὸν
1598 4088 1802 4156 κόσμον

206 4182 483 4236 ὁδεύοντι·
512 4202 529 4233 ι
558 4182 723 4245 Δεῦτε
750 4183 884 4252 πρός
918 4199 1008 4250 με,
1042 4182 1243 4243 πάντες
1279 4183 1326 4234 oi
1363 4180 1666 4243 κοπιῶντες
1707 4179 1801 4232 καὶ

206 4275 663 4345 πεφορτισμένοι,
723 4272 878 4340 κάγὼ
905 4321 914 4327 ,
942 4273 1245 4326 ἀναπαύσω
1280 4273 1445 4341 ὑμᾶς.
1490 4262 1531 4351 ιζ
1562 4267 1805 4343 Χριστὸς

206 4366 448 4432 κελεύει,
484 4369 558 4435 μὴ
591 4366 1003 4435 ἀντιτείνωμεν.
1032 4365 1267 4436 Χριστὸς
1290 4364 1554 4429 ό”καλῶν,
1592 4364 1686 4417 καὶ
1716 4364 1799 4427 τίς

202 4461 315 4511 οόκ
344 4458 638 4522 ἀκούεται;
694 4456 829 4510 Θεοῦ
859 4460 1008 4526 φωνή
1046 4459 1165 4530 ἐστι
1195 4456 1547 4523 διδάσκουσα,
1587 4477 1604 4509 ι
1654 4456 1796 4525 Ἐγώ

1913 3353 2145 3416 ventris,
2176 3353 2438 3406 vicariam
2490 3353 2753 3406 satietate
2784 3355 3180 3409 contumeliam
3214 3357 3492 3426 recipien-

1910 3454 2012 3501 tes.
2046 3444 2122 3500 Nc
2152 3444 2354 3498 ostium
2388 3444 2541 3497 vitiis
2575 3445 3202 3517 perturbationibusque
3254 3464 3492 3520 aperue-

1908 3539 2103 3602 rimus,
2134 3538 2279 3591 unde
2305 3537 2467 3591 nobis
2497 3538 2785 3606 reciproca
2842 3554 2990 3594 mors
3023 3543 3316 3594 scaturiat.
3347 3542 3425 3597 Ne
3460 3559 3491 3597 a

1907 3631 2260 3684 contentione
2310 3629 2379 3682 ad
2405 3630 2683 3683 anteriora
2725 3630 3017 3695 sistamus,
3053 3634 3146 3686 sed
3188 3628 3490 3691 curramus

1907 3738 2144 3792 semper,
2188 3721 2233 3775 si
2282 3723 2395 3789 quo
2433 3721 2599 3775 modo
2647 3723 3214 3792 comprehendamus,
3251 3725 3317 3778 ad
3362 3725 3492 3778 bra-

1904 3815 2054 3868 vium
2119 3828 2374 3883 superna}
2422 3815 2735 3869 vocationis
2765 3823 2815 3866 P.
2866 3812 3119 3878 Praesut,
3172 3826 3232 3868 ut
3272 3831 3336 3871 ea
3364 3833 3490 3886 quae

1904 3915 2036 3959 sunt
2084 3917 2238 3959 retro
2287 3905 2704 3968 oblivisecntes,
2746 3906 2813 3961 ad
2846 3907 3134 3960 anteriora
3190 3922 3293 3961 nos
3330 3909 3485 3978 ipsos

1903 3998 2288 4052 extendamus.
2326 3996 2562 4051 Praestat
2596 3997 2795 4051 audire
2845 3998 3120 4052 dicentem
3154 3998 3481 4055 Christum:

1908 4111 1927 4143 ι
1965 4090 2019 4144 Si
2068 4092 2192 4160 quis
2262 4090 2375 4144 vult
2436 4090 2626 4144 venire
2688 4100 2811 4160 post
2849 4106 2958 4155 me,
3004 4095 3239 4161 abneget
3289 4102 3487 4148 semet-

1904 4182 2104 4251 ipsum,
2141 4192 2192 4236 et
2226 4182 2380 4235 tollat
2414 4190 2641 4235 crucem
2678 4196 2858 4245 suam,
2888 4190 2944 4237 et
2979 4190 3247 4251 sequatur
3284 4199 3371 4238 me
3395 4193 3479 4239 ηδ

1893 4274 2135 4329 Praestat
2168 4276 2323 4344 sequi
2353 4274 2635 4328 Christum
2660 4289 2759 4344 per
2784 4262 3047 4329 inundum
3081 4274 3499 4342 ambulantem,-

1905 4384 1924 4416 ι
1966 4365 2159 4419 Venite
2193 4364 2262 4418 ad
2333 4381 2438 4429 me,
2472 4369 2665 4419 omne's
2712 4366 2807 4434 qui
2855 4366 3123 4421 laboratis
3174 4359 3233 4421 et
3264 4371 3480 4423 onerati

1899 4456 2055 4519 estis,
2088 4463 2143 4507 et
2183 4469 2285 4522 ego
2324 4452 2567 4508 reﬁciam
2611 4469 2711 4509 vos
2742 4463 2789 4506 τ.
2831 4473 2851 4506 ι
2904 4455 3481 4526 Christusjubet;,ue

156 4542 157 4547 “
202 4554 327 4618 ειμι
364 4548 421 4600 τὸ
453 4548 565 4615 φῶς
596 4547 689 4601 τοῦ
725 4549 966 4619 κόσμου’
999 4552 1027 4601 ό
1066 4538 1377 4602 ἀκολουθῶν
1427 4551 1571 4619 ἐμοὶ.
1616 4551 1679 4603 οὐ
1718 4550 1806 4621 μὴ.

1911 4532 2230 4603 renitamur.
2260 4545 2526 4600 Christus
2552 4526 2730 4609 vocat,
2786 4556 2841 4600 et
2877 4548 3001 4615 quis
3044 4562 3155 4602 non
3190 4549 3481 4605 audierit?

202 4641 568 4711 περιπατήσῃ
624 4641 682 4692 ἐν
726 4643 790 4709 τῇ
856 4641 1067 4711 σκοτία,
1109 4642 1226 4694 ἀλλ’
1264 4641 1376 4705 ’ἐξει
1427 4643 1486 4693 τὸ
1539 4642 1653 4710 φῶς
1692 4642 1793 4712 τῆς

201 4733 381 4801 ζωῆς.
426 4751 444 4783 ι
479 4732 586 4786 Καί
612 4746 624 4761 ·
651 4752 668 4783 ι
711 4733 852 4801 Ἐγὼ
889 4734 1000 4802 φῶς
1025 4735 1104 4798 εἰς
1127 4735 1215 4787 τὸν
1256 4735 1461 4804 κόσμον
1490 4734 1746 4804 ἐλήλυθα.
1770 4755 1786 4787 ι

280 5010 483 5073 Τούτου
536 5009 593 5063 δὲ
640 5009 692 5062 τί
748 5009 865 5063 ποτ’
900 5009 965 5064 ἂν
999 5012 1094 5064 τοῦ
1132 5012 1308 5081 φωτός
1350 5013 1497 5065 ἔστιν
1548 5016 1682 5083 ἡμῖν
1713 5014 1791 5066 οἰ-

203 5103 488 5170 ιειότερον
512 5098 537 5167 ;⁷
568 5104 641 5154 Τὸ
678 5102 788 5173 γὰρ
822 5105 1041 5172 ἀφεῖναι
1077 5104 1137 5157 τὸ
1177 5105 1369 5169 σκότος
1400 5110 1491 5158 καὶ
1542 5108 1619 5177 τῷ
1651 5107 1792 5174 φωτὶ

199 5193 561 5264 κολλήθῆναι,
588 5196 702 5246 υἱὸν
721 5194 898 5261 φωτὸς
928 5196 1143 5266 ἀληθῶς
1174 5201 1321 5249 ποιεῖ
1337 5198 1427 5251 τὸν
1450 5201 1589 5265 φωτὶ
1614 5217 1787 5270 προσ-

196 5285 577 5356 κολλώμενον.
616 5286 789 5339 Τοῦτο
824 5288 880 5339 δὲ
917 5290 1033 5349 πῶς
1070 5287 1135 5340 ἀν
1181 5289 1381 5359 ἑτέρως
1423 5292 1655 5358 γένοιτο,
1712 5295 1786 5367 μὴ

195 5379 329 5447 οὐχὶ
358 5380 538 5448 πάσης
592 5379 998 5449 ὑπεροφθείσής
1054 5380 1189 5448 ἡμῖν
1241 5384 1340 5453 τῆς
1372 5384 1429 5435 ὲν
1476 5388 1784 5457 σκοτομήνῃ

194 5468 530 5539 τοξευούσης
594 5471 743 5540 ἡμᾶς
802 5467 1039 5541 ζοφερᾶς
1084 5475 1396 5544 ἀμαρτίαςς
1443 5476 1549 5527 Τοῦ
1605 5478 1662 5529 δὲ
1691 5479 1783 5531 τὸν

196 5560 441 5631 σταυρὸν
496 5558 673 5629 αἴρειν
709 5563 805 5613 καὶ
858 5563 1175 5618 ἀκολουθεῖν
1218 5566 1296 5636 τῷ
1348 5568 1591 5637 Χριστῷ,
1630 5570 1683 5621 τί
1716 5571 1782 5623 ἂν

194 5650 595 5719 ἐναργέστερον
652 5652 866 5718 γένοιτο
931 5655 1199 5724 σύμϐολον
1252 5660 1344 5712 τοῦ
1395 5663 1519 5713 καθ’
1565 5664 1781 5733 ἡμέραν

214 5760 591 5832 “'flsa.t.xn',
633 5764 893 5827 4;lCor.
935 5782 995 5832 ιι,
1033 5770 1086 5823 9.

206 5836 225 5866 ⁸
263 5828 554 5918 «Ιυειιικκιι,
608 5833 696 5886 46.

454 5984 467 5991 ..
495 5930 771 5991 Parnm.
804 5933 925 5993 Gn.
946 5933 1189 5994 XCVII.

1187 5783 1213 5822 ι’
1242 5772 1476 5844 Philipp.
1516 5791 1593 5841 ιιι,
1630 5774 1711 5828 13.
1778 5787 1805 5827 τι
1837 5777 2027 5831 \latth.
2072 5792 2197 5839 xw,
2238 5772 2328 5825 ‘2'».

1904 4636 2095 4690 Divina
2128 4650 2234 4689 vox
2266 4644 2351 4691 est
2375 4646 2496 4705 quas
2518 4636 2754 4690 doceat:
2792 4654 2809 4687 ι
2848 4636 2961 4706 Ego
2989 4653 3112 4692 sum
3137 4639 3233 4693 lux‘
3262 4640 3477 4703 mundi;

1901 4730 1995 4798 qui
2043 4731 2297 4798 sequitur
2348 4744 2453 4789 me,
2488 4742 2599 4781 non
2635 4724 3028 4784 ambulabit'in
3055 4732 3347 4794 tenebris,
3380 4734 3476 4788 sed

1901 4821 2124 4875 habebit
2153 4822 2338 4875 lumen
2377 4822 2501 4874 vitae
2534 4828 2578 4874 '.
2608 4839 2625 4871 ι
2670 4821 2756 4886 Et,
2802 4839 2821 4871 ι
2851 4820 2966 4892 Ego
3002 4822 3098 4876 lux
3127 4824 3182 4877 in
3209 4825 3476 4879 mundum
3530 4848 3533 4851 ·

1900 4917 2027 4969 veni
2061 4915 2106 4965 ί.
2139 4932 2159 4965 ι

1971 5005 2083 5061 11οο
2124 5016 2306 5061 autem
2361 5006 2491 5077 quid
2521 5006 2695 5076 magis
2742 5009 2980 5062 amicum
3027 5010 3186 5065 nobis
3219 5012 3476 5081 contige-

1896 5100 2006 5155 rit?
2035 5099 2253 5169 Quippe
2306 5101 2518 5155 relictis
2555 5100 2799 5154 tcuebris
2849 5102 3140 5157 adhaerere
3177 5104 3306 5167 luci,
3347 5118 3474 5158 vere

1895 5195 2064 5248 lilium
2117 5194 2255 5248 lueis
2321 5194 2451 5249 facit
2507 5209 2631 5248 cum
2687 5195 2782 5263 qui
2854 5195 2960 5249 lnei
3022 5196 3288 5249 adhaeret.
3359 5196 3472 5249 ΙΙοιτ

1888 5303 2026 5343 vero
2061 5302 2167 5356 qua
2229 5288 2338 5340 alia
2389 5288 2600 5341 ratione
2639 5287 2946 5357 contingat,
2989 5288 3091 5341 nisi
3155 5290 3470 5359 caliginosii

1890 5382 2036 5433 oumi
2093 5388 2339 5448 peccato,
2380 5387 2499 5433 atra
2531 5394 2632 5433 nos
2673 5388 2833 5433 nocte
2867 5378 3204 5449 contigente,
3242 5378 3473 5450 spreto?

1893 5472 1966 5527 Ut
2004 5482 2187 5526 autem
2237 5473 2498 5526 tollamus
2545 5486 2795 5534 crucem,
2836 5480 2891 5525 et
2925 5473 3215 5527 Christum
3273 5488 3474 5541 sequa-

1894 5580 2035 5623 mur.
2078 5562 2358 5633 quodnam
2392 5561 2558 5615 fuerit
2592 5561 2907 5616 evidentius
2946 5563 3190 5632 signum,
3221 5577 3383 5630 quam
3414 5572 3474 5612 nt

1891 5659 2139 5729 quotidie
2177 5656 2501 5721 moriamur,
2533 5670 2637 5725 qua
2671 5654 2947 5709 bonorum
2983 5657 3351 5725 repositorum
3374 5668 3472 5723 src

2414 5783 2431 5809 τ
2462 5770 2505 5823 .‘l
2531 5770 2650 5822 :tth.
2695 5785 2770 5833 x1,
2802 5768 2892 5822 ΞΒ.
2972 5770 2993 5797 ⁸
3027 5766 3187 5823 Joan.
3222 5780 3343 5830 vm,
3382 5763 3461 5820 1‘2.

3009 5920 3075 5978 37
