4176 6448
169 417 304 486 1Ὶ69

1473 408 1554 471 1N
1606 411 1667 472 S.
1710 406 2137 472 GEORGIUM.

3302 400 3437 466 1170

236 535 346 588 Kal
376 531 460 601 εἴη
498 545 562 598 γε
597 526 768 582 ταῦτα
801 519 996 596 μηδενὶ
1043 519 1309 594 μηδαμῶς
1345 519 1756 591 ἑμὸραδύνοντα

1937 518 2161 574 Utinam
2196 530 2327 571 vero
2361 515 2426 570 ad
2469 521 2874 572 consummata:
2929 512 3196 570 bonitatis
3230 515 3435 570 exitum

162 626 364 696 χρόνῳ,
397 624 487 676 ἐπ’
519 619 782 689 αὐτοτελῆ
813 617 1063 688 χωρῆσαι
1097 614 1467 686 χρηστότητος
1499 611 1748 677 ἑκϐασιν,

162 720 260 772 καὶ
307 717 405 786 τὴν
457 715 525 768 δι’
565 714 746 784 ἔργων
792 711 1191 781 συμπλήρωσιν
1238 705 1496 774 δέξασθαι
1524 708 1536 760 l
1567 706 1752 777 Ταύτῃ

162 809 274 879 γὰρ
309 809 404 862 καὶ
457 808 485 860 6
539 804 654 875 βίος
708 803 867 875 ἡμῶν
916 800 1421 872 διομαλισθήσεται,
1471 801 1563 853 καὶ
1597 799 1756 866 λόγος

162 898 334 962 ἅπας,
358 899 454 952 καὶ
487 896 708 968 πρᾶξις,
765 896 859 948 καὶ
901 894 1193 963 διανόημα,
1223 893 1336 954 τοῖς
1375 891 1536 954 θείοις
1569 891 1756 961 νόμοις

162 991 259 1045 τοῦ
297 989 612 1060 Πνεύματος
639 987 1218 1059 κατακοσμηθήσεται,
1245 986 1337 1039 καὶ
1371 985 1438 1038 δι’
1463 984 1755 1055 ἀπραγμο-

165 1087 336 1158 σύνης
369 1087 396 1139 6
422 1085 648 1157 ὴσύχιός
675 1101 734 1137 τε
767 1084 859 1137 καὶ
899 1084 1109 1153 ἦρεμος
1149 1084 1283 1152 ἡμῖν
1336 1080 1755 1150 διανυσθήσεται

166 1180 303 1250 βίος.
347 1179 468 1247 Ὑφ’
491 1173 552 1232 οὗ
580 1177 776 1249 μικρὸν
801 1176 1026 1247 ὕστερον
1052 1177 1120 1229 δι’
1150 1175 1355 1247 ἀρετῆς
1380 1177 1473 1228 καί⁵
1498 1175 1750 1247 Θεωρίας,

164 1272 198 1342 ἡ
231 1272 328 1341 τῆς
355 1269 567 1323 ἐκεῖθεν
598 1268 757 1340 δόξης
791 1268 887 1321 καὶ
916 1266 1190 1337 βασιλείας
1217 1267 1756 1338 άποκληρωθήσεται

167 1361 389 1434 μέθεξις
426 1364 538 1425 τοῖς
571 1360 712 1414 οὓτω
746 1361 1026 1423 πολιτείας
1059 1359 1389 1430 προκόψασι.
1444 1358 1632 1414 Ταῦτά
1673 1375 1755 1412 σοι

165 1455 298 1524 παρ’
329 1453 516 1523 ἡμῶν.
574 1446 619 1505 ὦ
657 1452 863 1522 πάτερ,
903 1445 947 1505 ῶ
976 1450 1213 1504 δέσποτα
1242 1451 1351 1504 τῶν
1388 1451 1496 1504 σῶν
1538 1449 1753 1515 ἱκετῶν,

165 1549 262 1601 καὶ
282 1545 542 1616 διαδόχων
575 1544 695 1614 μὲν,
719 1544 953 1607 ἀναξίων
978 1543 1036 1596 δέ
1063 1560 1076 1574 ·
1111 1543 1286 1597 ταῦτά
1315 1560 1396 1596 σοι
1417 1543 1518 1613 τῆς
1551 1547 1758 1614 μικρᾶς

166 1639 308 1709 ἐμῆς
340 1638 594 1708 γλώσσης
633 1637 728 1689 καὶ
780 1636 1042 1700 διανοίας,
1096 1636 1195 1707 τῆς
1233 1637 1314 1689 σοί
1357 1654 1420 1705 γε
1471 1637 1631 1707 φίλης
1663 1638 1757 1692 καὶ

167 1731 320 1800 παρὰ
365 1730 569 1792 πάντας
612 1727 860 1799 τιμώσης
890 1745 970 1789 σε,
1006 1728 1073 1781 τὰ
1105 1730 1277 1798 μικρὰ
1310 1729 1754 1799 προσενέγματα.

169 1820 354 1875 Ταῦτα
377 1822 404 1874 6
443 1823 634 1891 μικρὸς
662 1823 718 1872 ὲν
749 1821 1002 1891 ποιμέσιν
1031 1821 1160 1889 ἐγὼ,
1195 1821 1288 1873 καὶ
1328 1821 1421 1873 τοῦ
1455 1822 1599 1893 ίεροῦ
1627 1822 1753 1876 τού-

169 1931 285 1979 του,
310 1913 448 1977 πῶς,
479 1915 579 1966 οὐκ
611 1911 747 1980 οἶδα,
772 1914 1183 1986 κατηξιωμένος
1213 1914 1517 1986 καὶθρόνου
1537 1918 1628 1970 καὶ
1657 1917 1753 1987 βή-

171 2022 363 2076 ματος.
387 2007 496 2060 Καὶ
525 2007 574 2059 εί
607 2005 779 2076 μικρὰ
805 2006 1000 2071 ταῦτα,
1033 2009 1128 2060 καὶ
1155 2008 1255 2078 τῆς
1285 2009 1442 2074 ἀξίας
1463 2011 1753 2081 παραπολὺ

169 2097 464 2167 φθάνοντα,
497 2098 596 2168 τῆς
638 2097 768 2166 γοῦν
811 2098 1022 2170 θερμῆς
1071 2101 1206 2171 προς
1248 2101 1306 2154 σὲ
1339 2101 1631 2164 διαθέσεως
1656 2104 1756 2158 οὐκ

169 2190 452 2247 ἐλάττονα.
485 2190 622 2263 Δὲξη
653 2192 782 2262 γάρ,
816 2193 877 2246 εὖ
909 2187 1048 2257 οἶδα,
1083 2193 1256 2247 ταῦτα
1284 2195 1400 2263 μετ’
1430 2197 1718 2266 εὐμενείας
1740 2239 1753 2264 ,

166 2275 282 2335 οἷόν
307 2299 360 2335 τι
387 2283 583 2354 μικρὸν
614 2283 919 2352 ἐπιτάφιον·
949 2283 1039 2338 τὸν
1063 2284 1118 2338 δέ
1141 2301 1204 2353 γε
1235 2286 1566 2352 τελειότερον
1597 2286 1755 2340 ἔπαι-

168 2390 280 2435 νον,
316 2377 446 2465 παρέ
471 2375 636 2429 αὐτοῖ
661 2373 726 2428 ἂν
759 2375 1082 2448 ὲπιζητοίης
1111 2377 1481 2449 ἐπιδοξότεριον
1509 2378 1754 2452 ὕστερον,

167 2465 262 2518 τοῦ
298 2469 436 2536 πρὸς
468 2466 526 2520 ὃν
550 2468 635 2520 ἀεὶ
667 2469 764 2540 τὴν
794 2469 1030 2540 σπουδὴν
1061 2471 1155 2524 καὶ
1189 2472 1285 2542 τὴν
1311 2471 1494 2540 ἔφεσιν
1513 2473 1757 2544 ἀεικίνη-

168 2573 260 2610 τον
290 2557 548 2629 ἔσχηκας.
567 2559 683 2611 Νῦν
709 2559 762 2612 δὲ
783 2559 990 2615 ἄνωθεν
1021 2562 1167 2631 ἡμᾶς
1199 2563 1542 2628 ὲττοπτεύοις,
1564 2559 1610 2617 ῶ
1639 2564 1757 2618 θεία

169 2648 266 2700 καὶ⁵
303 2647 432 2721 ,ἱερὰ
472 2648 704 2718 κεφαλὴ,
765 2647 886 2718 Θεῷ
940 2652 1005 2720 τῇ
1059 2636 1669 2724 Τριάδι’”περιχορεύωεθ
1701 2657 1756 2709 δν

119 2770 136 2777 ι
169 2741 462 2812 πνεύματι,
501 2743 596 2795 καλ¹
621 2743 698 2813 τῷ
732 2741 907 2814 θρόνῳ
936 2744 1035 2813 τῆς
1089 2745 1309 2815 χάριτος
1355 2747 1758 2817 παριστάμενος

171 2831 377 2901 χάριτι,
407 2832 600 2902 καὶτῷ
625 2833 754 2904 Θείῳ
779 2835 918 2902 φωτὶ
944 2834 1088 2888 κατὰ
1121 2835 1299 2907 ψυχὴν
1325 2836 1755 2908 ὲλλαμττόμενος⁹

173 2922 316 2992 ὑπὲρ
348 2924 508 2993 ήμῶν
555 2925 920 2995 ἐντυγχάνων,
957 2926 1010 2979 εί
1039 2944 1154 2989 πως
1187 2927 1514 2997 ῥυσθείημεν
1544 2928 1630 2981 διὰ
1665 2928 1757 2982 σοῦ

169 3016 268 3084 τῆς
298 3015 674 3086 ἠπειλημὲνης
698 3019 810 3083 τοῖς
840 3020 959 3070 κατ’
985 3020 1084 3089 ἐμὲ
1132 3019 1397 3090 ῥαθύμοις
1446 3020 1636 3090 ὀργῆς,
1665 3023 1758 3074 καὶ

168 3106 280 3158 τῶν
326 3109 598 3178 ὁσημέραι
656 3110 777 3163 καθ’
807 3110 963 3180 ἡμῶν
1012 3109 1397 3182 ἐξαπτομένων
1437 3112 1544 3164 τῶν
1572 3114 1760 3166 παθῶν

171 3199 596 3254 ἐπαναστάσεων
618 3219 630 3230 ·
692 3201 827 3271 πρὸς
877 3201 932 3254 δὲ
956 3202 1054 3270 καὶ
1087 3202 1299 3273 ὁρατῶς
1328 3219 1385 3254 τε
1418 3204 1509 3255 καὶ
1539 3204 1761 3272 ἀφανῶς
1791 3239 1832 3296 C

172 3290 573 3359 ἐγχειρούντων
629 3294 778 3363 ἡμᾶς
830 3293 1088 3364 πολεμεῖν
1140 3294 1480 3347 ἐθελοκάκων
1523 3295 1754 3366 ἐχθρῶν.

172 3381 286 3432 Καὶ
334 3384 560 3454 στήσαις
610 3387 746 3455 ἡμῖν
791 3385 929 3456 πρὸς
961 3385 1137 3455 αὔραν
1169 3387 1268 3456 τὴν
1301 3387 1613 3454 καταιγίδα,
1664 3389 1786 3442 καὶ,

170 3475 432 3544 τύχοιμεν
453 3477 554 3546 τῆς
595 3478 824 3548 αὐτόθεν
882 3480 1307 3550 μακαριότητος,
1367 3481 1451 3533 ἵνα
1497 3482 1601 3534 ὑπὸ
1642 3484 1758 3545 ταῖς

173 3568 296 3628 σαῖς
324 3569 416 3621 καὶ
460 3569 581 3621 τότε
634 3571 1092 3640 περισκεπόμενοι
1123 3570 1401 3640 πτέρυξιν,
1442 3572 1497 3623 ὲν
1529 3574 1760 3642 σκηναῖς

172 3650 264 3719 αἷς
310 3659 469 3723 αὐτὸς
531 3661 744 3732 αὑλίζῃ,
803 3661 1308 3733 συναυλισθείημεν,
1370 3664 1463 3715 καὶ
1526 3662 1760 3733 καθαροὶ

173 3748 431 3820 καθαρῶς
459 3751 520 3803 τὸ
550 3751 664 3820 φῶς
693 3755 753 3805 το
781 3756 835 3806 ἐν
863 3757 944 3806 σοὶ
968 3753 1416 3825 τρανωθείημεν,
1447 3753 1631 3823 χάριτι
1661 3754 1756 3807 τοῦ

174 3838 509 3903 καλέσαντος
530 3842 678 3911 ἡμᾶς
701 3844 890 3913 κλήσει
919 3844 1049 3913 ἁγία
1075 3846 1153 3904 είς
1178 3843 1236 3895 τὸ
1255 3843 1565 3913 θαυμαστὸν
1591 3843 1755 3897 αὐτοῦ

173 3921 329 3991 φῶςο
435 3929 632 3998 πρέπει
688 3932 836 3982 πᾶσα
883 3931 1034 3996 δόξα,
1085 3933 1220 4003 τιμὴ
1266 3935 1358 3985 καὶ
1393 3935 1612 4002 κράτος,
1663 3935 1756 3986 νῦν

173 4015 274 4074 καὶ
304 4017 409 4081 ἀεὶ,
445 4020 540 4072 καὶ
567 4021 645 4084 είς
677 4023 800 4085 τοὺς
837 4023 1058 4086 αἰῶνας.
1105 4025 1294 4095 Ἀμήν.

176 4112 289 4164 hile
325 4113 503 4167 lumen
545 4109 701 4168 suum
735 4135 744 4166 :

172 4205 374 4260 Anien.

783 4302 1000 4356 ΛΟΓΟΣ
1057 4305 1150 4358 1Ζ’.

185 4410 634 4480 Ἕ;·κίίντιοι·”ιῑι,-
674 4418 777 4467 τίι·
823 4417 994 4482 ἅγιον
1023 4423 1522 4488 μεγαλυμιὶίτιιμι
1572 4423 1756 4488 Γιώρ-

885 4506 1036 4555 γιον.

1859 611 2010 663 nulla
2065 609 2332 680 temporis
2372 623 2527 663 mora
2583 610 2688 662 ista
2744 613 3133 678 promoveant,
3190 606 3438 678 ipsisque

1859 700 2026 756 rebus
2076 699 2618 756 consummationem
2661 699 3003 768 suscipiant!
3064 695 3156 752 Sic
3188 696 3334 752 enim
3387 707 3440 752 et

1860 791 1970 844 vita
2031 790 2193 844 nobis
2245 790 2457 860 aequior
2521 787 2776 852 cesserit,
2812 803 3105 859 sermoque
3149 787 3352 852 omnis,
3388 798 3440 842 ct

1829 881 2002 950 ~actio
2052 887 2109 935 et
2144 880 2404 950 cogitatio
2458 881 2667 936 divinis
2702 879 2946 950 Spiritus
2997 879 3212 949 legibus
3248 895 3442 949 peror-

1858 972 2105 1037 nabitur,
2148 973 2361 1042 otiique
2416 971 2766 1041 compendiis
2816 971 3005 1042 quieta
3061 970 3220 1025 nobis
3272 977 3443 1040 atque

1858 1065 2158 1134 tranquilla
2195 1047 2446 1136 exigetur
2499 1065 2653 1118 vita:
2721 1079 2830 1134 qua
2873 1063 3025 1118 brevi
3060 1071 3206 1132 post,
3246 1061 3315 1118 iis
3345 1063 3442 1132 qui

1857 1158 2064 1212 virtute
2094 1167 2148 1212 et
2179 1155 2674 1226 contemplatione,
2731 1156 2814 1209 sic
2848 1155 2975 1210 vitae
3008 1153 3282 1209 institutis
3311 1167 3441 1222 pro-

1858 1248 2115 1310 fecerint,
2157 1246 2357 1302 l‘uturte
2397 1247 2590 1318 gloriae
2634 1254 2690 1302 et
2724 1246 2879 1316 regni
2935 1243 3295 1315 participatio
3342 1243 3444 1298 tri-

1859 1340 2075 1396 buenda
2131 1339 2224 1394 sit.
2281 1337 2408 1394 Haec
2455 1354 2485 1394 a
2518 1339 2701 1403 nobis,
2742 1353 2775 1392 ο
2826 1344 3020 1408 pater,
3049 1352 3078 1391 a
3127 1336 3313 1397 nobis.
3359 1335 3444 1390 in-

1857 1446 2046 1500 quam,
2085 1445 2118 1484 o
2173 1429 2422 1494 domine,
2469 1430 2579 1484 tuis
2631 1429 2907 1484 clientulis
2961 1438 3017 1484 et
3077 1426 3440 1498 supplicibus,

1857 1531 2026 1593 atque
2062 1521 2483 1578 successoribus
2511 1522 2624 1576 tuis
2653 1536 2973 1592 quanquam
3007 1519 3254 1591 indignis
3286 1535 3300 1572 :
3329 1518 3443 1574 haec

1857 1617 1978 1671 tibi.
2006 1616 2218 1687 exiguae
2244 1617 2445 1688 linguae
2488 1616 2802 1684 mentisque
2834 1615 3050 1684 oliicio;
3087 1615 3311 1678 mentis,
3354 1614 3438 1668 in-

1858 1722 2048 1778 quam,
2079 1707 2160 1760 tui
2191 1706 2453 1770 amantis,
2489 1715 2542 1761 et
2568 1720 2680 1776 pra:
2698 1706 2960 1760 omnibus
3007 1697 3204 1758 honori
3233 1701 3442 1756 haben-

1859 1800 1954 1864 tis,
1988 1807 2224 1871 angusta
2257 1807 2389 1855 sunt
2415 1813 2673 1854 munera.
2712 1795 2838 1852 Haec
2866 1796 3122 1852 modicus
3160 1793 3442 1865 ego-inter

1861 1902 2138 1963 pastores,
2174 1895 2366 1948 nescio
2393 1905 2500 1961 qua
2543 1891 2758 1945 ratione
2792 1889 2995 1960 dignus
3025 1887 3249 1942 habitus
3282 1899 3442 1941 sacro

1859 1987 1962 2041 hoc
2005 1986 2206 2041 throno
2233 1994 2288 2040 et
2336 1985 2497 2041 solio.
2543 1987 2868 2054 Quanquam
2896 1997 3026 2038 vero
3064 1981 3282 2036 modica
3321 1979 3438 2038 illa.

1859 2086 1912 2134 ct
1945 2094 2067 2149 qua:
2100 2093 2132 2132 a
2163 2078 2355 2133 multis
2416 2079 2528 2134 tuis
2568 2077 2731 2149 longe
2794 2075 3002 2137 absint,
3055 2073 3194 2128 nihil
3255 2081 3438 2126 tamen

1859 2178 1990 2226 sunt
2022 2186 2260 2226 accensa
2289 2171 2343 2225 in
2379 2181 2431 2226 te
2467 2186 2586 2225 mea
2617 2171 2906 2226 voluntate
2950 2166 3186 2223 minora.
3215 2164 3442 2218 Placide

1861 2274 2046 2318 autem
2103 2273 2158 2319 et
2213 2265 2553 2331 humaniter,
2615 2265 2784 2334 probe
2847 2261 2999 2326 novi,
3066 2260 3216 2316 velut
3277 2267 3443 2314 tenue

1859 2353 2138 2424 quoddam
2189 2355 2533 2426 epitaphium
2587 2362 2954 2424 suscepturus
2984 2367 3064 2408 es.
3117 2350 3442 2406 Absolutio-

1861 2462 1974 2502 rem
1997 2437 2430 2503 autemlaudem
2464 2447 2658 2516 majori
2693 2447 2762 2500 ab
2791 2462 2856 2501 eo
2885 2444 3058 2516 gloria
3090 2442 3443 2514 postmodum

1861 2541 2170 2610 quaesieris,
2207 2540 2272 2594 ad
2304 2556 2466 2610 quem
2503 2555 2720 2610 semper
2756 2539 3046 2594 immotum
3073 2537 3316 2592 studium
3346 2537 3443 2594 de-

1862 2633 2247 2705 sideriumque
2287 2633 2557 2690 habuisti.
2597 2635 2757 2688 Nunc
2786 2634 3095 2696 enimvero,
3129 2647 3163 2686 ο
3187 2629 3440 2686 divinum

1863 2731 1916 2781 et
1947 2740 2169 2780 sacrum
2202 2736 2392 2796 caput,
2426 2729 2492 2779 de
2531 2725 2671 2780 ctelo
2707 2740 2809 2782 nos
2853 2725 3185 2796 inspexeris,
3211 2725 3306 2794 qui
3337 2724 3446 2778 circ

1863 2833 1987 2872 cum
2051 2817 2221 2873 Deum
2275 2819 2480 2872 trinum
2533 2819 2734 2889 spiritu
2811 2817 3100 2887 tripudies,
3153 2815 3445 2886 gratiaque

1865 2914 2054 2984 gratiae
2110 2913 2345 2968 assistas
2398 2913 2624 2976 throno,
2669 2913 2859 2982 sisque
2912 2910 3095 2965 animo
3132 2909 3444 2964 illustratus

1864 3007 2052 3060 divino
2082 3006 2330 3070 lumine;
2362 3005 2686 3076 supplicans
2713 3019 2810 3074 pro
2841 3002 3024 3066 nobis,
3056 3002 3103 3057 si
3137 3017 3248 3072 quo
3278 2999 3443 3055 modo

1866 3107 2063 3168 agente
2132 3107 2183 3152 te
2230 3098 2531 3152 liberemur
2569 3099 2636 3152 ab
2691 3097 2769 3150 ira
2827 3097 2894 3152 iis
2929 3094 3302 3165 impendente,
3348 3093 3444 3162 qui

1867 3193 1970 3245 tnei
2013 3192 2188 3246 instar
2225 3201 2355 3246 sunt
2388 3191 2733 3260 negligentes
2762 3196 2814 3242 et
2850 3187 3014 3258 pigri,
3051 3188 3217 3256 atque
3248 3184 3316 3237 ab
3354 3197 3445 3238 ac-

1865 3299 2025 3340 censa
2071 3283 2365 3338 adversum
2417 3299 2516 3338 nos
2574 3282 2899 3352 quotidiana
2949 3279 3211 3332 vitiorum
3266 3275 3444 3331 rebel-

1865 3378 2027 3431 lione.
2077 3375 2158 3429 Ad
2203 3375 2319 3430 haec
2354 3392 2483 3431 vero
2532 3391 2560 3430 a
2616 3373 2906 3429 malevolis
2947 3370 3227 3431 hosti-bus,
3260 3368 3443 3439 palam

1863 3471 2187 3540 occulteque
2242 3469 2580 3524 conantibus
2637 3479 3010 3538 oppugnare:
3064 3459 3444 3530 statuerisquc

1864 3561 2026 3617 nobis
2062 3561 2360 3632 procellam
2402 3559 2457 3614 in
2486 3575 2716 3625 auram;
2747 3557 3053 3627 fueritque,
3094 3564 3154 3609 ut
3192 3554 3307 3608 illic
3341 3567 3441 3623 po-

1865 3653 2026 3709 sitam
2084 3651 2490 3708 beatitudinem
2549 3665 2980 3720 consequamur.
3035 3646 3106 3704 Ut
3152 3646 3235 3701 vel
3285 3657 3438 3708 tunc,

1867 3748 1969 3803 Sub
2010 3750 2119 3805 tuis
2176 3748 2412 3818 protecti
2467 3746 2591 3806 alis.
2636 3761 2743 3800 una
2794 3754 2973 3800 tecum
3027 3741 3338 3798 habitemus
3385 3739 3441 3794 in

1866 3838 2262 3902 tabernaculis,
2320 3840 2371 3894 iit
2443 3839 2646 3909 quibus
2705 3837 2820 3906 ipse
2884 3835 3141 3901 habitas;
3206 3833 3442 3904 purique

1865 3931 2006 4000 quod
2043 3931 2211 3987 est‘in
2242 3941 2294 3987 te
2335 3933 2517 3988 lumen
2549 3920 2685 4002 pure
2725 3929 3134 4000 perspiciamus
3168 3927 3288 3998 ejus
3318 3942 3442 3996 gra-

1867 4027 1964 4088 tia,
2000 4027 2090 4094 qui
2148 4047 2249 4086 nos
2305 4031 2522 4084 vocavit
2567 4028 2862 4084 vocatione
2893 4032 3078 4082 sancta
3110 4024 3164 4105 in
3198 4020 3440 4076 admira-

808 4134 966 4186 quent
1002 4118 1158 4174 decet
1208 4119 1386 4180 omnis
1427 4121 1621 4188 gloria.
1693 4121 1869 4177 honor
1927 4136 1974 4178 et
2027 4126 2306 4195 potestas,
2389 4147 2535 4183 ηιιιιρ
2585 4139 2636 4182 οι
2691 4143 2926 4194 semper,
2976 4129 3031 4180 ct
3091 4124 3145 4177 in
3221 4120 3437 4176 saecula.

2426 4304 2688 4362 ORATIO
2723 4303 2887 4358 XVII.

1914 4424 2222 4477 lfnrutniutn
2258 4423 2308 4474 in
2343 4432 2584 4474 sanciunt
2638 4429 2924 4488 mut'lyrent
2965 4408 3243 4485 Georgium
3273 4413 3405 4480 (δὲ).

1585 4628 1833 4683 ((Iouneru,
1855 4639 1898 4686 p.
1931 4624 2069 4682 .175.)

264 4725 374 4776 Ἀεὶ
413 4726 511 4794 μὲν
549 4726 802 4801 λαμπρᾷ,
844 4731 1316 4802 καὶπανεύφημα
1344 4734 1416 4786 ’τὰ
1445 4734 1551 4785 τῶν
1586 4735 1760 4802 ἁγίων
1797 4736 1838 4792 ῐ)

174 4818 483 4887 μαρτύρων
551 4811 912 4890 μκτξμόσυνα·
981 4823 1506 4895 άξιεπαινετώτερον
1562 4825 1617 4878 δὲ
1666 4825 1761 4878 καὶ

1940 4733 2167 4802 Semper
2202 4731 2422 4800 quidem
2464 4729 2775 4798 splendida.
2809 4744 2862 4780 e.
2899 4727 3143 4780 omnium
3194 4740 3288 4778 ore
3321 4723 3440 4775 lau-

1872 4827 1997 4878 data
2037 4835 2359 4878 sanctorum
2399 4834 2698 4892 ll::tl|_\'|'ll!ll
2736 4827 3130 4898 monumenta:
3169 4833 3291 4871 cum
3335 4815 3446 4884 pri-

1473 5000 1855 5059 COMBEFISII
1895 4996 2126 5056 ΝΟΤᾸΞ.

258 5089 380 5162 με),
417 5089 736 5162 Encomium
780 5093 909 5148 hoc.
959 5108 988 5144 a
1039 5092 1336 5162 Lipomano
1383 5103 1434 5148 et
1482 5096 1753 5154 Sui-io,ex

170 5159 556 5233 Metaphraste
591 5161 800 5214 editum
853 5159 1175 5229 ἀδέσποτον,
1234 5175 1292 5218 ut
1347 5173 1473 5219 sunt
1510 5166 1756 5233 plut-inite

171 5230 328 5302 apud
353 5231 546 5303 ipsum,
580 5233 884 5297 orationes,
919 5249 1152 5301 quarunt
1208 5235 1322 5303 ipse
1365 5253 1471 5288 non
1509 5230 1616 5288 tam
1656 5250 1754 5289 au-

169 5311 305 5356 ctor
336 5302 551 5355 censeri
601 5303 758 5356 debet
789 5318 953 5370 quam
990 5302 1288 5369 collector;
1322 5307 1555 5359 Andreae
1580 5320 1758 5359 asser-

171 5385 297 5428 tum
335 5370 723 5445 Regiocodice
747 5387 1253 5445 repraesentamus,
1301 5391 1612 5445 quanquam
1647 5391 1755 5430 non

173 5445 482 5511 integrum,
511 5444 632 5512 ipso
660 5443 849 5497 codice
881 5445 1094 5509 Inutile,
1139 5447 1189 5498 in
1226 5462 1290 5500 eo
1320 5443 1555 5500 tantum
1593 5461 1757 5500 enco-

174 5511 294 5586 tttio
323 5529 336 5574 ;
367 5514 445 5586 sic
490 5511 672 5568 tamen
727 5523 793 5586 ut
824 5514 960 5567 nihil
1004 5517 1054 5568 ei
1107 5515 1276 5581 desit,
1315 5532 1502 5570 eorum
1558 5519 1763 5586 quibus

174 5582 404 5656 Georgii
451 5593 602 5656 gesta
655 5585 974 5656 et_historia
1010 5586 1228 5640 illorum
1286 5582 1592 5656 temporum
1643 5588 1766 5640 illit-

174 5653 352 5727 strari
399 5653 636 5727 possint.
693 5652 922 5727 Videtur
973 5657 1146 5724 magis
1175 5659 1274 5711 niti
1339 5652 1504 5722 gestis
1547 5657 1766 5727 Georgii

175 5722 378 5796 relatis
431 5722 916 5796 a_Metaphraste.
988 5722 1149 5794 quam
1205 5729 1272 5782 iis
1329 5745 1449 5796 qu:e
1504 5722 1771 5782 habentur

179 5793 396 5868 scripta
430 5810 457 5847 a
491 5792 769 5868 Pisicrate
807 5796 943 5868 ejus,
965 5792 1168 5852 famulo
1193 5837 1205 5859 ,
1247 5792 1368 5868 (ιιιὼ
1400 5799 1567 5852 etiam
1601 5799 1773 5853 edidit

184 5864 548 5935 lipcnsauus,
586 5877 638 5920 et
683 5866 888 5921 habent
931 5867 1084 5936 licgii
1124 5864 1364 5925 codiées.
1404 5869 1536 5923 Nam
1585 5871 1772 5935 t'cl'crt,

1867 5110 1960 5146 seu
2010 5093 2217 5146 indicat
2266 5091 2554 5146 historiam
2596 5089 2878 5143 Athanasii
2924 5105 3063 5156 tu:th
3112 5089 3359 5142 conversi
3418 5106 3446 5141 a

1866 5164 2124 5231 Georgio,
2164 5171 2218 5217 et
2264 5163 2545 5232 martyris,
2598 5176 2764 5227 quam
2818 5160 2908 5232 illa
2955 5158 3246 5232 Pisicratis
3293 5171 3444 5226 gesta

1868 5251 1974 5288 non
2007 5229 2226 5287 habent.
2265 5229 2460 5288 Mirum
2511 5239 2567 5285 ttt
2617 5232 2818 5285 Baron.
2868 5231 2921 5282 in
2972 5229 3118 5283 notis
3164 5245 3353 5284 severe
3392 5233 3443 5284 in

1865 5321 1982 5358 cam
2016 5305 2353 5374 pronuntiet,
2389 5305 2536 5359 velut
2561 5304 2615 5374 in
2650 5308 3044 5374 assumentutn
3101 5300 3445 5374 Arianicuni.

1868 5377 1971 5431 Sed
2006 5370 2116 5444 quo
2158 5375 2558 5430 fundamento?
2602 5373 2769 5427 Plane
2799 5370 3017 5435 leviori,
3051 5387 3213 5444 quam
3247 5379 3303 5424 ut
3341 5371 3444 5425 viri

1868 5443 2053 5517 gravis
2096 5445 2338 5517 animum
2373 5447 2481 5500 ullo
2512 5444 2675 5498 modo
2725 5457 2943 5517 movere
2977 5451 3071 5497 aut
3105 5443 3270 5517 etiam
3325 5446 3448 5517 pul-

1865 5512 1987 5572 sare
2025 5515 2294 5570 debuerit.
2353 5517 2492 5582 Quid
2521 5517 2829 5579 enimvero,
2866 5515 2950 5566 vir
2999 5528 3125 5582 vere
3174 5512 3444 5567 industrie

1867 5603 1930 5641 ac
1965 5584 2244 5648 studiose.
2287 5591 2335 5640 in
2360 5581 2420 5640 ea
2448 5587 2543 5640 tibi
2582 5587 2806 5639 historia
2834 5581 3128 5652 displicet?
3158 5584 3445 5638 Athanasii

1869 5673 2102 5723 nomen,
2165 5676 2325 5728 qut-tn
2387 5661 2577 5724 magiae
2636 5656 3013 5728 insimulatum
3085 5665 3301 5711 constat
3373 5655 3446 5728 ab

1869 5729 2110 5790 Arianis,
2170 5727 2316 5783 velut
2385 5731 2642 5790 Arianus,
2691 5727 2959 5798 Georgius
3029 5728 3251 5781 invasor
3294 5727 3444 5798 sedis
3533 5761 3542 5769 -

1872 5800 2280 5862 Alexandriam,
2334 5813 2380 5853 cl
2437 5802 2777 5854 orthodoxus
2814 5797 3150 5860 Athanasius
3191 5797 3442 5866 ejusdem

1877 5888 2034 5926 ποι-ιιι
2069 5876 2317 5936 antisti-5,
2361 5870 2655 5940 assumptis
2688 5867 2907 5940 Georgii
2955 5868 3231 5939 martyris,
3269 5866 3440 5938 titagi~
