4176 6448
175 407 304 475 1181

1468 412 1547 472 ΙΝ
1600 414 1661 473 S.
1705 411 2130 474 GEORGIUM.

3281 412 3418 480 118!

173 518 242 572 ea
275 517 440 581 δπλα.
469 515 533 572 οὐ
585 517 846 591 σαρκικά.
887 517 1024 573 ἀλλά
1055 518 1262 574 δυνατά
1309 520 1386 607 τῷ
1417 518 1558 589 Θιῷ,
1614 519 1749 589 πρὸς

1860 537 1877 570 ι
1923 520 2084 572 Arma
2131 526 2339 585 nostra,
2377 536 2483 575 non
2544 522 2788 578 carnalia
2839 531 2989 589 sunt,
3033 522 3125 579 sed
3169 533 3415 607 polentia

176 607 497 680 καθαίρεσιν
554 611 946 681 ὀχυρωμάτων.
1004 629 1022 663 ι
1082 612 1292 666 Αὐτίκα
1339 606 1470 674 οὖν,
1534 610 1743 665 ἀνωθεν

178 697 465 767 σύμμαχον
488 697 687 752 έαυτοῦ
716 699 807 752 τὸν
851 699 1202 770 ἀγωνοθέτην
1229 697 1702 770 έπικαλεσάμενος
1725 713 1738 727 ·

177 785 349 858 θυμόν
381 805 439 842 τε
471 789 700 860 κινήσας
727 791 820 843 τὸν
841 789 981 843 κατά
1013 789 1198 858 φύσιν,
1231 791 1324 844 καὶ
1357 788 1519 859 ζῆλον
1544 787 1742 843 ἀναλα-

176 876 290 930 ϐὼν
319 877 416 932 τοῦ
454 879 638 933 Ἠλίου
670 877 763 933 τοῦ
794 881 1076 951 προφήτου
1101 897 1115 912 ο
1151 881 1246 934 καὶ
1285 880 1422 952 ὀργῇ
1465 880 1741 950 κεχρημέ-

177 983 266 1030 νος
309 966 520 1039 δικαία,
550 970 690 1023 εΔιά
729 967 840 1022 τῶν
871 969 1053 1023 δπλων
1097 971 1198 1038 τῆς
1238 970 1590 1039 δικαιοσύνης
1636 969 1743 1023 τῶν

174 1058 368 1126 δεξιῶν
393 1060 488 1113 καὶ
522 1061 848 1130 ἀριστερῶν,
884 1080 902 1113 s
945 1060 1140 1132 έχώρει
1184 1063 1324 1116 κατά
1367 1065 1466 1131 τῆς
1497 1061 1740 1125 ἀδικίας·

175 1151 270 1201 καὶ
310 1149 486 1220 εὐρὼν
514 1151 684 1205 αὐτοῦ
721 1169 824 1207 που
848 1155 974 1218 τούς
1009 1154 1234 1225 ὀνόματι
1265 1155 1549 1227 [βασιλεῖς,
1576 1156 1743 1220 ὅντως

173 1239 232 1293 δι
258 1239 331 1313 ⁸³]
358 1239 815 1313 βασιλευομένους
859 1245 967 1298 ὐπὸ
1002 1246 1103 1316 τῆς
1144 1246 1420 1312 ἀσεϐείας,
1453 1246 1637 1310 κακῶς
1667 1245 1745 1316 τῷ

175 1328 369 1400 κράτει
399 1330 538 1384 κατά
571 1332 666 1386 τοῦ
700 1333 761 1387 τὸ
803 1337 1006 1404 κράτος
1053 1337 1421 1406 χαρισαμένου
1470 1336 1746 1406 κεχρημέ-

175 1434 321 1484 νους,
355 1419 450 1474 καὶ
480 1421 714 1494 ἀπειρον
759 1419 900 1488 εἶδός
933 1441 994 1478 τε
1045 1427 1140 1479 καὶ
1180 1426 1386 1496 πλῆθος
1421 1426 1766 1496 βασανιστη-’

179 1507 331 1577 ρίων,
360 1509 421 1561 οὐ
458 1511 600 1564 κατά
635 1513 743 1566 τῶν
773 1513 1124 1579 ἀδικούντων,
1159 1515 1297 1570 ἀλλά
1340 1516 1483 1570 κατά
1516 1515 1624 1569 τῶν
1647 1517 1746 1570 εὐ-

176 1596 480 1654 σεϐούντων
519 1599 758 1672 δημοσία
790 1603 1198 1674 προθεμένους·
1235 1607 1506 1660 παντοίων
1543 1623 1602 1660 τε
1644 1622 1746 1674 φυ-

174 1687 304 1750 λῶν.
349 1690 554 1757 έθνῶν,
608 1693 703 1747 καὶ
751 1693 1018 1762 γλωσσῶν
1061 1693 1508 1766 έξωπλισμένων,
1559 1697 1748 1768 κύκλῳ

175 1781 376 1847 αὐτοὺς
434 1787 922 1856 περιεστηκότων,
968 1787 1423 1860 δημηγοροῦντας
1487 1786 1745 1859 ἀθέμιτα,

173 1873 271 1926 καὶ
327 1853 734 1942 ἀπειλοῦντας·
793 1879 844 1933 εί
890 1853 1155 1951 όνομάσοι
1192 1853 1299 1945 ’τις
1346 1880 1440 1934 τὸν
1492 1853 1746 1952 Χριστὸν,
1780 1853 1823 1912 Β

171 1963 383 2027 τούτοις
416 1963 582 2019 αὐτὸν
609 1965 853 2038 ἀνηλεῶς
872 1967 1328 2040 έκδαπανώμενον
1347 1958 1715 2041 ἀποθνήσκειν
1730 1985 1744 1999 ο

173 2051 340 2120 ζέσας
366 2050 460 2111 οὖν
493 2056 572 2129 τῷ
606 2057 739 2129 θείῳ
778 2057 1083 2141 Πνεῦμα-ιι,
1123 2081 1142 2114 ε
1178 2061 1453 2134 έτρόμησε
1490 2061 1619 2127 τούς
1659 2079 1748 2116 νε-

172 2148 347 2219 φροὺς
379 2165 400 2201 s
462 2149 606 2204 κατά
647 2149 741 2205 τὸν
778 2151 1140 2208 Μακκασατον
1189 2154 1422 2222 έκεῖνον,
1457 2173 1477 2208 ε
1520 2155 1616 2211 καὶ
1656 2157 1750 2210 ἀν-

171 2238 373 2309 ήνεγκε
405 2239 577 2312 θυμὸν
598 2241 742 2298 κατά
772 2243 834 2297 τὸ
877 2245 1055 2316 κρίμα
1075 2259 1088 2274 ο
1130 2263 1150 2298 ι
1190 2247 1286 2300 καὶ
1324 2243 1413 2301 οἷα
1445 2247 1583 2302 λέων
1613 2247 1746 2320 βρύ-

173 2329 272 2395 εας
303 2331 523 2404 ίσχνρδν
560 2334 658 2388 καὶ
690 2333 953 2407 βλοσυρὸν
982 2335 1152 2408 όρῶν,
1185 2338 1429 2409 έκκόψας
1455 2341 1556 2411 τὴν
1585 2341 1749 2394 ἀπει-

171 2423 291 2494 λὴν,
316 2427 398 2489 είς
429 2425 593 2497 μέσον
623 2425 806 2504 αὐτῶν
831 2429 1186 2502 είσεπήδησε,
1211 2431 1747 2503 Χριστιανδνέαυτδν

171 2516 513 2588 διαπρυσίως
546 2519 922 2590 ἀναγορεύων.
967 2523 1066 2578 καὶ
1107 2523 1363 2596 φανερῶς
1390 2523 1490 2598 τὴν
1524 2525 1626 2598 τῆς
1661 2530 1749 2580 εὐ-

177 2609 395 2674 σεϐείας
452 2610 767 2682 έμφανίζων
814 2613 1114 2684 εὐγένειαν.
1176 2617 1240 2671 Ὠ
1283 2616 1463 2690 ψυχῆς
1529 2617 1746 2691 ἀληθῶς

175 2701 464 2772 θεοφόρου,
507 2705 866 2777 νενικημένης
913 2707 992 2779 τῷ
1044 2708 1178 2779 θείῳ
1223 2709 1411 2780 έρωτι,
1466 2712 1564 2764 καὶ
1617 2711 1749 2783 δλης

181 2811 202 2846 ε
243 2794 602 2866 ἰξεστηκυίας
632 2797 782 2868 Θεῷί
827 2817 846 2853 ι
897 2800 962 2854 Ὢ
1021 2801 1301 2872 μακαρίας
1356 2801 1562 2873 φωνῆς,
1613 2804 1680 2873 ἢν
1720 2806 1750 2858 ό

176 2886 503 2959 φερώνυμος
541 2888 636 2944 τοῦ
667 2890 911 2962 Χριστοῦ
943 2891 1238 2965 Γεὼργιος,
1271 2892 1457 2949 θεόθεν
1480 2895 1550 2949 τά
1580 2895 1748 2966 σπέρ-

179 2995 328 3049 ματα
385 2978 597 3046 λαθὼν,
645 2982 740 3037 καὶ
771 2983 830 3037 έν
869 2983 1054 3056 πολλῷ
1106 2983 1186 3056 τῷ
1239 2985 1418 3059 χρόνῳ
1466 2987 1648 3052 καλῶς
1691 2988 1749 3042 έν

174 3070 377 3143 καρδίᾳ
424 3071 777 3145 γεωργήσας,
821 3075 1040 3132 τελείαν
1071 3076 1345 3150 εὐκαίρως
1391 3079 1470 3150 τῷ
1500 3079 1749 3154 Δεσπότῃ

1847 609 1975 676 Deo,
1997 611 2060 664 ad
2089 613 2510 666 destructionem
2537 614 2905 668 munitionum
2925 626 2972 669 ι.
2991 631 3010 666 ι
3045 613 3239 669 Statim
3261 627 3416 677 eruo,

1847 713 1968 755 cum
2022 717 2053 755 ο
2105 702 2243 756 malo
2295 701 2599 770 adjutorem
2648 705 2751 758 sibi
2799 717 2922 758 eum
2976 713 3278 766 evocasset,
3322 703 3415 772 qui

1847 790 1961 860 ipse
1985 791 2316 857 agonotbeta
2358 807 2421 845 ac
2437 792 2794 846 certaminum
2818 805 3020 862 praeses
3046 801 3223 852 esset,
3252 792 3387 846 iram

1847 895 1953 950 quo
1980 897 2008 933 a
2039 890 2235 934 natura
2277 879 2504 934 inditam
2546 889 2898 950 provocasset
2927 897 2940 935 :
2988 887 3275 944 assumpto
3305 885 3420 934 zelo

1849 969 1976 1023 Elite
1999 969 2298 1038 propheta.
2349 969 2608 1038 justeque
2656 973 3072 1024 eacamlesccns
3107 987 3120 1022 :
3151 986 3169 1017 ε
3201 965 3304 1022 Per
3330 983 3417 1021 ar-

1809 1076 1812 1079 '
1847 1058 2179 1125 majustitim
2219 1072 2247 1110 a
2281 1057 2493 1111 dextris
2521 1068 2570 1113 et
2597 1059 2840 1112 sinistris
2857 1058 2936 1122 δη
2961 1057 3282 1122 iniustitiam
3320 1061 3420 1110 ad-

1847 1157 2119 1214 ortus;ac
2148 1147 2270 1201 loco
2299 1147 2538 1216 quodam
2565 1186 2580 1210 ,
2616 1148 2978 1218 imperatores
3017 1149 3140 1202 illos
3174 1148 3416 1210 nomine,

1849 1255 1908 1296 re
1959 1251 2139 1295 autem
2185 1254 2310 1295 vera
2350 1239 2649 1310 impietatis
2711 1240 2942 1308 imperio
3001 1239 3421 1306 mancipatosac

1848 1347 2060 1394 servos,
2097 1331 2388 1387 inveniens
2429 1345 2444 1385 :
2475 1331 2678 1402 quippe
2721 1331 2814 1400 qui
2852 1331 3084 1400 imperio
3116 1330 3418 1384 abuteren-

1849 1431 1939 1479 tur
1963 1425 2232 1480 adversus
2273 1439 2400 1478 eum
2435 1426 2528 1494 qui
2565 1424 2975 1489 concessisset;
3016 1437 3117 1477 nec
3157 1438 3265 1476 non
3304 1421 3423 1474 inil-

1849 1515 1963 1569 nita
2013 1520 2426 1569 tormentorum
2484 1527 2706 1584 genera,
2750 1511 2870 1566 foro
2905 1513 3125 1582 publico
3160 1511 3421 1565 adversus

1849 1619 1945 1661 eos
2010 1605 2292 1677 proposita
2321 1623 2336 1672 ;
2369 1619 2478 1661 non
2530 1606 2624 1675 qui
2663 1606 2740 1660 rei
2773 1613 2985 1668 essent,
3050 1604 3292 1673 iniquive
3321 1603 3421 1657 ali-

1848 1698 1980 1768 quid
2033 1697 2425 1761 admisissent,
2492 1695 2586 1753 sed
2641 1697 2733 1763 qui
2794 1696 3052 1766 pietaum
3107 1695 3404 1749 colerent:

1850 1789 2029 1845 omnis
2067 1789 2245 1845 etatis
2278 1799 2331 1844 et
2362 1788 2581 1860 generis
2607 1787 2888 1849 tribubus.
2937 1786 3321 1857 gentibusque,
3363 1793 3418 1838 et

1854 1881 2076 1953 linguis,
2097 1881 2328 1944 circum,
2351 1881 2548 1942 armis,
2579 1879 2751 1949 impia
2773 1877 3173 1933 concionantes
3211 1879 3426 1947 stipan-

1856 1974 2024 2038 tibus,
2058 1987 2122 2027 ac
2158 1970 2279 2028 fore
2317 1971 2748 2032 comminantes,
2795 1976 2854 2025 ut
2881 1970 2930 2025 si
2962 1970 3088 2039 quis
3133 1968 3422 2024 Christum

1856 2065 2228 2132 nominasset,
2273 2064 2344 2122 iis
2374 2063 2497 2120 dire
2549 2063 2872 2134 absumptus
2903 2063 3112 2132 periret
3143 2077 3159 2117 :
3191 2076 3279 2126 eo,
3335 2065 3420 2116 in-

1855 2175 2042 2232 quam,
2061 2158 2400 2231 spectaculo.
2415 2157 2611 2214 divino
2630 2155 2902 2213 ell‘ervens
2927 2155 3161 2228 Spiritu.
3183 2173 3202 2208 ε
3220 2163 3430 2210 contre-

1855 2253 2221 2310 miscentibus
2251 2251 2505 2318 renibus,
2540 2267 2560 2304 ι
2605 2248 3078 2321 quemadmodum
3117 2245 3430 2303 Machabeo

1855 2345 1959 2411 illi,
1995 2363 2014 2397 ε
2045 2343 2381 2415 affectusque
2412 2341 2600 2399 furore
2646 2341 2954 2400 secundum
2983 2339 3259 2412 judicium
3295 2349 3319 2380 ο
3359 2357 3372 2394 :
3404 2360 3423 2394 ι

1855 2451 1919 2493 ac
1979 2436 2157 2493 leonis
2215 2436 2430 2501 instar,
2485 2433 2700 2489 fortiter
2758 2432 3040 2504 rugiens,“
3086 2433 3430 2503 terribilique

1855 2535 2121 2596 aspectu;
2159 2527 2406 2592 minans,
2447 2524 2759 2595 infringens
2797 2523 3287 2594 lnterpellansque,
3313 2538 3430 2579 me-

1854 2617 1977 2674 dius
1998 2631 2193 2674 eorum
2213 2615 2413 2671 insililt
2439 2615 2457 2684 (
2480 2615 2609 2686 50);
2643 2614 2793 2668 clara
2814 2627 2873 2668 se
2903 2626 3034 2667 voce
3054 2613 3428 2668 Christianum

1855 2712 2205 2776 renuntians,
2229 2709 2564 2780 pietatisque
2591 2708 2988 2779 ingenuitatem
3035 2714 3246 2776 quanta
3287 2714 3433 2762 esset

1855 2799 2156 2856 manifeste
2177 2797 2501 2854 ostendens.
2528 2794 2574 2852 ο
2604 2811 2730 2852 vere
2761 2795 2875 2852 lleo
2912 2795 3155 2859 afflatum
3185 2797 3429 2850 animum

1855 2905 2022 2962 quem
2052 2890 2160 2947 sibi
2193 2889 2414 2944 divinus
2454 2901 2612 2943 amor
2636 2897 2721 2943 ira
2754 2888 3080 2955 devicisset,
3113 2887 3320 2958 quique
3352 2896 3434 2943 to-

1855 2992 1953 3041 tus
1985 3003 2005 3037 ι
2033 2984 2367 3039 excessisset
2399 2979 2510 3037 Deo
2539 2979 2605 3034 ἀι
2648 2999 2668 3032 ι
2698 2979 2743 3034 0
2768 2981 2981 3036 beatam
3010 2993 3223 3044 vocem,
3264 2993 3433 3050 quam

1857 3090 1954 3146 pro
1968 3075 2208 3132 nominis
2229 3075 2314 3130 sui
2341 3073 2552 3129 ratione
2569 3071 2683 3145 (5t)
2704 3071 2879 3129 edidit
2897 3087 2996 3128 ceu
3018 3071 3223 3128 Christi
3241 3085 3433 3126 arvum

173 3163 495 3267 ἀπέδωκενῑ
530 3164 634 3218 Ἦν
659 3165 768 3237 ἀὴρ
807 3166 906 3237 μιν
939 3166 1255 3238 δεξάμενος,
1279 3169 1521 3241 ἡγιάσθη
1543 3185 1555 3200 ·
1581 3171 1749 3240 ἀγγε-

1854 3168 2150 3238 Georgius,
2163 3174 2384 3236 accepta
2403 3166 2472 3222 de
2483 3166 2625 3222 celo
2643 3172 2910 3234 semente,
2927 3163 3435 3234 multoqnetempo-

173 3255 342 3312 λοιδε
363 3257 662 3327 οὐρανόθεν
691 3258 1090 3331 έπεκρότησαν,
1121 3262 1456 3334 ἀρχάγγελοι
1488 3263 1546 3317 δέ
1580 3263 1747 3317 ἀπευ-

1854 3274 1915 3314 re
1941 3259 2077 3320 bene
2105 3256 2158 3312 l‘n
2195 3256 2360 3313 corde
2383 3256 2686 3322 escultam,
2713 3253 3008 3326 perfectam
3026 3267 3274 3325 congruo
3297 3262 3436 3308 tem-

173 3349 468 3435 φημησαν·
491 3351 588 3405 καὶ
615 3351 786 3404 πᾶσαι
808 3349 918 3406 τῶν
932 3351 1179 3423 οὐρανῶν
1201 3355 1260 3406 αί
1284 3354 1552 3426 Δυνάμεις
1581 3355 1749 3428 ὐπερ-

1850 3363 1978 3423 pore
1997 3347 2230 3404 Domino
2247 3347 2483 3403 reddidit
2502 3347 2520 3404 l
2541 3344 2763 3410 Vocem,
2800 3345 3046 3415 inquam,
3067 3359 3232 3414 quam
3263 3344 3436 3399 susci-

171 3437 468 3511 ηγάθησαν
488 3439 555 3495 ’⁸.
599 3439 659 3495 '0
702 3439 760 3494 δέ
793 3441 1015 3495 πάντων
1056 3440 1191 3506 Θεός
1240 3458 1302 3495 τε
1335 3443 1429 3497 καὶ
1472 3441 1750 3512 Δεσπότης

1851 3445 2001 3513 piens
2029 3455 2124 3497 aer
2156 3441 2540 3496 sanctificatus
2567 3447 2655 3495 est
2682 3476 2701 3503 ,
2731 3437 2912 3508 angeli
2948 3451 2978 3491 e
3009 3437 3150 3490 cmlo
3181 3437 3436 3490 intonue-

171 3525 601 3599 ἀπδιξάμενος,
632 3528 864 3601 πρέπειν
899 3532 966 3601 τῇ
997 3529 1283 3604 προθυμίᾳ
1306 3530 1408 3603 τὴν
1434 3532 1750 3603 συμμαχίαν

1850 3539 2000 3598 runt,
2042 3531 2359 3605 archangeli
2383 3529 2580 3586 faustis
2608 3529 2890 3584 ominibus
2952 3535 3084 3584 sunt
3128 3527 3433 3597 prosecuti,

175 3618 488 3684 ἀδικαίωσε,
523 3620 622 3691 καὶ
647 3619 740 3675 τὸν
771 3621 1089 3692 ἀμάραντον
1116 3621 1267 3694 αὐτῷ
1292 3623 1393 3693 τῆς
1425 3623 1582 3692 νίκης
1605 3621 1750 3690 ἡτοί-

1851 3639 2154 3695 omnesque
2174 3625 2441 3679 calorum
2475 3620 2720 3677 Virtutes
2743 3633 2912 3691 supra
2943 3619 3163 3673 modum
3193 3616 3435 3672 admira-

179 3725 327 3782 μασε
359 3711 645 3780 στέφανον.
666 3710 742 3765 To
761 3707 820 3766 δέ
851 3714 1039 3781 στῖφος
1066 3711 1176 3767 τῶν
1204 3712 1420 3768 ἀσεϐῶν
1450 3711 1750 3786 έξεπλάγη.

1855 3715 1899 3771 ti
1925 3721 2057 3773 sunt
2093 3732 2107 3770 :
2140 3728 2308 3784 quam
2361 3721 2416 3769 et
2457 3711 2846 3768 universorum
2883 3705 3438 3778 Dens’Dounlnusque

174 3803 276 3860 καὶ
298 3802 328 3856 δ
352 3799 558 3858 τούτων
600 3802 908 3875 στρατηγὸς
932 3801 1186 3868 διάὄολος
1225 3801 1487 3868 ἀκούσας,
1531 3804 1750 3877 καιρίαν

1857 3807 2124 3879 probans,
2149 3815 2588 3863 consentaneum
2615 3805 2854 3868 censuit,
2891 3811 2950 3858 ut
2973 3808 3135 3856 tanta
3164 3800 3437 3855 alacritati

175 3892 395 3966 πληγὴν
422 3890 662 3959 έδέξατο.
681 3893 740 3947 ’0
772 3893 952 3964 μέντοι
977 3895 1224 3963 γενναῖος
1255 3893 1517 3967 ἀθλητὴς,
1549 3893 1750 3967 ἀπέμε-

1859 3899 2156 3955 ausiliator
2206 3897 2530 3964 accederet,
2562 3912 2627 3953 ac
2661 3898 2820 3964 cujus
2873 3894 3094 3956 merito,
3153 3891 3440 3946 imniaree-

175 4003 239 4041 νε
277 3984 510 4058 λαμπρᾷ
537 3987 633 4042 καὶ
680 3987 877 4064 ίγσχυρᾷ
900 3989 966 4060 τῇ
996 3990 1148 4059 φωνῇ
1188 3985 1323 4042 Θτδν
1359 3986 1640 4058 ὁμολογῶν
1661 3987 1750 4042 τὸν

1861 3991 2110 4050 scibilem
2138 3991 2385 4048 victoria:
2426 4005 2689 4066 coronam
2716 3988 2936 4044 athletae
2957 3981 3304 4058 praeparavit.
3329 3980 3438 4038 lm-

178 4077 442 4149 Χριστὸν,
484 4077 748 4151 δαίμονας
777 4079 834 4135 δέ
862 4084 990 4146 τοὺς
1025 4084 1159 4155 παρ’
1208 4079 1391 4136 αὐτῶν
1418 4097 1750 4152 προσκυνου·

1861 4082 2084 4152 piorum
2131 4091 2316 4140 autent
2342 4091 2565 4139 caterva
2609 4081 2921 4152 obstupuit.
2971 4075 3317 4144 audiensque
3346 4087 3440 4130 eo-

201 4250 218 4262 ’
273 4262 297 4291 ⁸
334 4259 373 4316 ll
408 4255 542 4310 Cur.
605 4272 659 4320 ι,
698 4256 748 4312 4.
831 4257 854 4296 b
882 4257 918 4309 ll
948 4257 1075 4310 (Tur.
1120 4272 1192 4322 νι,
1227 4257 1277 4312 7.
1360 4269 1380 4297 ε
1418 4259 1436 4311 l
1475 4255 1658 4312 Mach.
1688 4271 1746 4322 It,

1857 4298 1868 4310 .
1947 4257 1975 4295 ά
2005 4255 2044 4311 ll
2075 4258 2205 4313 Cor.
2242 4276 2293 4322 ι’,
2344 4262 2423 4317 l5.

1486 4389 1727 4448 νΑῐιιιΕ
1770 4391 2067 4450 LECTION
2076 4393 2180 4450 ES.

251 4485 297 4520 ”
323 4484 550 4556 Adjecta
587 4501 657 4542 ex
683 4486 1103 4557 conjectura,et
1131 4484 1349 4556 Lipom.
1423 4485 1469 4517 “
1503 4485 1594 4539 ισ.
1632 4483 1839 4554 σθησαν

1508 4596 1889 4654 COMBEFISII
1921 4595 2147 4655 ΝΟΤΑΞ.

251 4691 364 4759 (50)
400 4688 607 4744 Medius
634 4687 819 4746 eorum
869 4691 1080 4746 insiliit.
1108 4693 1203 4756 Είς
1232 4691 1395 4764 μέσον
1422 4691 1603 4747 αὐτῶν
1638 4693 1753 4746 είσ-
1784 4692 1830 4748 D
1858 4701 2052 4760 satque
2108 4692 2219 4746 anti
2267 4707 2364 4752 uo,
2413 4708 2503 4752 νιχ
2561 4691 2631 4748 sit
2661 4707 2772 4762 qtto
2810 4691 3148 4756 timeamus,
3172 4688 3442 4760 quidquid

251 4762 440 4816 ήδησε.
496 4757 702 4816 Nempe
757 4762 1170 4816 imperatorum.
1205 4765 1272 4816 ad
1323 4770 1530 4816 certam
1560 4762 1755 4816 utiuue
1859 4763 2018 4816 nobis
2056 4706 2318 4816 obtruaat
2373 4761 2643 4816 Baronlus
2669 4780 2684 4816 :
2713 4763 2802 4815 cui
2839 4770 2897 4814 nt
2920 4762 3205 4816 displicuit
3238 4763 3442 4816 mania.

175 4757 440 4830 επήδησε.
496 4757 714 4832 Nempe
757 4762 1170 4832 imperatorum,
1205 4757 1272 4816 ad
1323 4770 1530 4832 certam
1554 4762 1755 4832 utique
1859 4757 2018 4832 nobis
2056 4757 2318 4817 obtrudat
2373 4761 2643 4832 Baronlns
2669 4757 2802 4830 {cui
2839 4770 2897 4814 nt
2920 4757 3205 4832 displicuit
3238 4757 3442 4832 magia,

179 4829 392 4894 necem,
424 4829 648 4902 victima
677 4829 885 4887 Christi
940 4842 1262 4902 spontanca,
1310 4849 1470 4902 quem
1498 4831 1618 4887 fidei
1647 4829 1755 4887 fer-
1856 4831 1912 4887 in
1957 4832 2242 4888 Athanasii
2277 4834 2519 4897 nomine,
2569 4831 2761 4886 debuit
2791 4833 2980 4886 eadem
3010 4829 3227 4886 ratione
3249 4829 3444 4900 displi-

178 4917 366 4974 vnrem
398 4901 634 4956 maxime
660 4901 1440 4974 exigebgntdeploratissima
1473 4903 1565 4974 illa
1594 4903 1757 4958 Chri-
1855 4917 1984 4974 gere
2012 4904 2302 4967 sanctitas,
2334 4905 2395 4974 in
2418 4901 2662 4974 Georgii,
2703 4904 2867 4974 idque
2907 4902 3255 4972 Cappadocis
3282 4918 3297 4966 ;
3332 4918 3446 4969 quo

176 4971 377 5047 stisnis
397 4979 680 5047 tempora.
711 4969 803 5028 Sic
841 4970 1030 5047 Roma:
1066 4969 1450 5038 Sebastianus,
1484 4973 1662 5047 eidem
1697 4988 1759 5047 se
1855 4969 2532 5047 mendo-Alexandrinum
2568 4969 3118 5047 'Aillum'ﬁeorg‘ium
3163 4988 3226 5027 es
3272 4974 3445 5047 patria

179 5040 544 5116 Diocletiano,
590 5055 716 5097 cum
774 5045 952 5113 primo
987 5046 1212 5100 allatam
1254 5060 1444 5100 necem
1485 5045 1755 5116 miraculo
1856 5045 2044 5116 etiam,
2076 5040 2482 5116 propinquius
2512 5040 2714 5100 referat
2749 5059 2764 5096 :
2819 5052 2878 5097 ut
2909 5040 2986 5098 sit
3013 5051 3070 5097 et
3104 5043 3223 5112 ipse
3269 5040 3446 5116 Geor-

176 5115 470 5177 evssisset,
505 5113 984 5184 improperaturus
1025 5116 1432 5184 crudelitatem.
1471 5115 1621 5170 ultro
1652 5116 1755 5170 ite-

179 5199 328 5247 rum,
351 5191 527 5255 strata
553 5183 771 5255 publica
791 5187 1224 5255 repraesentavit.
1249 5184 1342 5242 Sic
1371 5183 1754 5253 Maximinum,

179 5255 287 5312 sub
320 5254 454 5326 ipsis
481 5254 771 5326 sacriﬁciis
810 5254 868 5311 et
893 5257 1113 5326 publica
1151 5257 1416 5312 concione
1454 5257 1756 5312 Cathsrina

176 5323 476 5398 corripuit.
497 5331 605 5380 etc.
636 5323 733 5398 Vis
768 5323 907 5398 vero
930 5326 1118 5392 fuerit,
1155 5327 1250 5397 qui
1276 5327 1512 5398 Georgio
1541 5338 1752 5396 nostro,

182 5396 303 5452 viro
327 5395 493 5470 tanto
509 5403 567 5451 et
601 5395 848 5470 militari,
886 5397 944 5470 in
985 5413 1057 5470 ea
1089 5395 1337 5470 martyrii
1374 5395 1626 5470 ultronea
1671 5395 1757 5452 in-

177 5461 497 5548 citatione,
523 5467 852 5548 prauusque
872 5467 950 5548 ad
982 5468 1164 5548 ipsum
1192 5461 1269 5548 ab
1285 5469 1500 5548 _Andrca
1527 5481 1756 5548 enarra:

180 5537 276 5603 tis,
312 5535 932 5610 gloriosiusbabuerit.
997 5535 1178 5610 Atque
1219 5539 1457 5604 utinam,
1489 5547 1654 5594 tantae
1685 5538 1763 5594 illi

180 5607 512 5694 certaminis
534 5607 697 5694 Alucia
719 5609 903 5694 nullas
927 5607 1240 5694 apocrypha
1275 5611 1645 5694 aspersissetit
1679 5617 1766 5694 te-

179 5680 419 5751 nebras;
439 5680 646 5751 mirum
675 5687 825 5734 certe
844 5680 1009 5751 quam
1038 5680 1327 5751 utriusque
1347 5680 1613 5737 Ecclesia
1641 5681 1765 5750 ejus

180 5748 582 5825 devotissimn,
615 5760 892 5825 recrearet
930 5750 1126 5825 faciem
1146 5770 1164 5825 _:
1208 5748 1526 5825 quanquam
1563 5752 1617 5806 in
1643 5748 1767 5808 istis

183 5821 429 5902 probatis
452 5819 524 5880 ab
555 5819 795 5890 Andrca,
837 5824 951 5879 acri
986 5823 1106 5881 viro
1144 5819 1394 5882 ingenio."
1435 5831 1762 5895 uarioque,

1853 5114 2002 5186 gius,
2041 5115 2086 5170 si
2118 5113 2360 5186 Baronio
2409 5116 2607 5186 placet,
2634 5128 2868 5184 persona
2899 5127 3066 5184 quam
3097 5113 3438 5168 commentiti

1856 5185 1969 5241 sint
1993 5185 2206 5250 Ariani,
2231 5201 2340 5241 non
2374 5185 2685 5255 praecipuus
2714 5193 2943 5256 martyr.

1928 5256 2042 5324 (51)
2081 5256 2190 5310 Pro
2228 5250 2458 5311 nominis
2485 5250 2570 5310 sui
2601 5256 2834 5319 ratione,
2862 5250 2976 5309 'etc.
3023 5252 3084 5308 ὀ
3119 5250 3443 5324 φιρὼνυμος

1859 5321 1956 5380 τοῦ
1987 5321 2227 5398 Χριστοῦ
2262 5325 2554 5397 Γεὼργιος.
2585 5326 2750 5398 Velut
2801 5325 2949 5398 idem
2965 5324 3043 5398 sit
3075 5321 3238 5398 atque
3276 5321 3446 5398 γεώρς

1863 5413 2005 5465 γιον,
2042 5394 2204 5466 cujus
2252 5394 2524 5452 rationem
2585 5394 3445 5466 babuerit.redenda_magniﬁca

1863 5463 1954 5523 illa
2010 5463 2377 5529 confessionis
2417 5477 2573 5532 voce,
2623 5481 2789 5537 quam
2841 5465 2973 5519 olim
3003 5463 3190 5537 cordis
3215 5467 3447 5537 gremio,

1864 5538 2300 5605 divina,satione
2330 5533 2669 5602 mandatam,
2705 5538 2819 5591 arvi
2853 5538 3031 5590 instar
3071 5533 3320 5605 fovisset.
3357 5535 3447 5588 ln-

1865 5604 2078 5681 termes
2117 5608 2331 5679 Lipom.
2365 5607 2541 5675 Quam
2591 5607 2760 5662 edidit
2792 5605 3217 5681 Christimonten
3244 5604 3445 5681 ferens

1865 5675 2119 5752 Georgius
2150 5695 2169 5734 :
2188 5675 2427 5752 insulsa
2451 5688 2600 5735 certe
2626 5678 2922 5752 expositio.
2948 5747 2959 5752 _
2984 5676 3122 5742 Quis
3141 5675 3314 5752 _eni_m
3359 5675 3444 5729 vel

1863 5744 2170 5815 Christum,
2233 5749 2528 5821 Georgium
2556 5790 2572 5814 ,
2607 5744 2715 5821 jel
2764 5746 3083 5821 Georgium,
3134 5744 3442 5821 Christum.

1865 5824 2010 5893 quod
2035 5823 2126 5878 illa
2156 5829 2359 5881 sonant
2381 5816 2575 5879 contra
2595 5816 3059 5886 Graecamjldcm.
3085 5816 3345 5875 audivit?
