4176 6448
157 450 299 517 1193

1461 438 1543 501 1N
1581 440 1643 499 S.
1685 434 2110 499 NICOLAUM.

3276 430 3420 501 1194

155 570 316 640 λόγον
365 566 512 635 ζωῆς
558 562 843 634 ἐπέχοντα.
891 578 909 610 ι
954 553 1162 619 ῐιολλὰς
1211 554 1316 625 γάρ
1371 570 1450 606 σοι
1498 552 1647 612 κλεῖς
1698 550 1731 618 ἡ

1841 544 2125 600 contineas
2156 544 2270 615 (60)
2294 554 2458 614 atque
2484 560 2746 617 presteras
2766 554 2811 600 °.
2854 563 2874 598 ι
2907 544 3122 617 Quippe
3150 546 3255 606 tibi
3278 552 3417 605 mul-

152 661 330 735 ἁρετὴ
368 659 658 731 πεποίηκε,
694 656 790 708 καὶ
829 653 986 706 οὐδέν
1023 667 1085 703 σε
1122 648 1231 702 τῶν
1271 644 1453 699 καλῶν
1487 643 1733 710 διέφυγε,

154 757 433 827 ποιμένων
467 753 655 825 ἄριστε
678 791 693 813 ,
730 749 824 802 καὶ
864 744 1167 818 ἀρχιερέων
1201 738 1529 809 πανεύφημε
1566 735 1734 790 Νικόο

156 850 277 904 λαε.
311 848 497 910 Πάσας
530 845 640 916 γὰρ
666 843 746 906 ὡς
782 842 840 895 ἐν
871 835 1132 911 θησαυρῷ
1180 832 1367 905 χρυσῷ
1397 831 1524 893 τοὺς
1555 830 1735 892 λίθους

154 941 436 1010 διαφανεῖς
481 940 547 1009 τῇ
598 934 847 1008 μακαρίᾳ
891 948 985 984 σου
1028 928 1209 999 ψυχῇ,
1256 928 1356 990 τὰς
1400 923 1736 994 ὑπερτίμους

154 1032 270 1086 ⁶τῶν
317 1030 532 1101 ἀρετῶν
577 1024 876 1089 ὲναπέθου,
929 1018 1255 1090 περιϐόητος
1304 1015 1555 1070 ἐντεῦθεν
1602 1013 1736 1066 πᾶσι

157 1125 349 1196 σχεδὸν
380 1124 493 1183 τοῖς
529 1120 619 1188 ὑφ’
636 1118 772 1189 ἡλίῳ
804 1115 1116 1184 γενόμενος.
1143 1112 1257 1181 Οὐχ
1288 1109 1431 1163 οὕτω
1477 1106 1586 1177 γὰρ
1637 1105 1733 1159 λύ-

154 1233 285 1286 χνος
302 1214 395 1266 ἐπὶ
424 1212 620 1282 λυχνίᾳ
648 1207 826 1271 τεθεὶς
847 1206 1026 1275 ὑψηλῇ
1057 1203 1154 1258 καὶ
1181 1200 1458 1272 διαχρύσῳ
1511 1198 1736 1269 φωτίζει

152 1307 229 1360 τὰ
266 1306 501 1376 πέρατα,
534 1303 608 1365 ὼς
649 1300 713 1354 σύ
750 1316 814 1368 γε
856 1296 1048 1368 πρώην
1083 1294 1177 1348 hri.
1213 1292 1307 1347 τοῦ
1346 1289 1735 1364 ἀρχιερατικοῦ

156 1398 375 1471 θρόνου,
407 1395 510 1448 ὑπὸ
539 1390 779 1464 Χριστοῦ
810 1388 903 1443 τοῦ
935 1386 1192 1458 ἀληθινοῦ
1226 1384 1404 1454 φωτὸς
1434 1382 1735 1449 ἀνατεθεὶς,

156 1488 415 1558 καθάπερ
447 1486 505 1538 ὲν
538 1481 810 1554 αὐχμηρῷ
842 1480 994 1551 τόπῳ
1024 1476 1103 1548 τῷ
1137 1478 1372 1545 ἁφεγγεῖ
1401 1474 1494 1529 τοῦ
1530 1475 1735 1544 κόσμου

155 1579 366 1650 χωρίῳ,
402 1576 610 1637 πάντας
645 1573 769 1634 τοὺς
809 1570 914 1625 ὑπὸ
947 1566 1055 1621 σοῦ
1080 1563 1738 1650 ποιμαινομένους,-πρὸς

152 1646 219 1723 τὸ
247 1646 548 1736 ἁνῦκτερον
574 1662 688 1732 φῶς
718 1658 1010 1730 δᾳδουχῶν,
1039 1654 1354 1723 διαυγάζεις
1374 1670 1387 1683 ·
1421 1654 1514 1707 καὶ
1540 1646 1652 1705 οἷον
1675 1650 1739 1705 ἐκ

152 1777 303 1823 τινος
332 1756 606 1829 μετεώρου
632 1751 929 1823 περιοπῆς,
953 1750 1013 1802 οὐ
1048 1749 1209 1819 μόνον
1232 1747 1360 1810 τοὺς
1385 1747 1575 1815 ἐγγὺς,
1602 1743 1739 1797 ἀλλὰ

153 1853 255 1907 καὶ⁸
297 1852 422 1912 τοὺς
499 1847 691 1917 πόρρω
731 1844 1107 1913 διεστηκότας,
1149 1838 1229 1910 τῷ
1271 1838 1499 1892 ἁπλανεί
1540 1836 1637 1906 τῆς
1681 1837 1738 1889 ὲν

156 1944 435 2013 πνεύματι
472 1938 748 2008 γνώσεως,
787 1931 1229 2004 καταπυρσεύεις
1291 1931 1631 1999 αὑγάσματι.
1668 1926 1735 1980 Σὲ

152 2040 269 2108 γὰρ
304 2034 506 2104 ὑψηλὸν
540 2030 756 2100 ἀληθῶς
788 2030 822 2099 ή
860 2026 1128 2097 ἁγγελικὴ
1164 2024 1409 2078 πολιτεία
1442 2024 1733 2093 πεποίηκε.

156 2130 230 2184 Σὲ
287 2128 349 2181 τὸ
385 2124 628 2195 καθαρόν
651 2139 712 2176 τε
740 2121 832 2174 καὶ
862 2119 1195 2191 θεωρητικὸν
1220 2120 1318 2183 τῆς
1349 2118 1484 2190 πρὸς
1509 2117 1568 2169 τὸ
1595 2116 1736 2169 θεῖον

157 2217 394 2291 ἀληθοῦς
417 2214 769 2286 ἀνακράσεως
791 2210 907 2275 ,τὰς
928 2210 1214 2280 οὐρανίους
1239 2208 1434 2277 suae;
1459 2206 1736 2278 ὑπερπτῆ·

157 2329 252 2365 ναι
276 2309 460 2380 σχεδὸν
480 2304 914 2377 παρεσκεύασεν.
934 2301 1170 2355 Αὐτόθεν
1191 2317 1275 2353 σοι
1296 2300 1360 2370 δὴ
1385 2299 1479 2353 καὶ
1498 2298 1558 2351 τὸ
1582 2298 1739 2352 πολυ-

158 2402 303 2462 ειδὲς
338 2400 447 2452 τῶν
481 2397 714 2469 ἀρετῶν,
747 2388 792 2463 ῷ
828 2393 897 2447 τὰ
933 2395 1031 2464 τῆς
1069 2391 1380 2462 πρακτικῆς
1417 2390 1737 2460 φιλοσοφίας

161 2492 527 2554 συνείλεκται,
553 2490 713 2559 δίκην
739 2488 1021 2559 μελίσσης,
1044 2483 1415 2553 ὲκπεριελόντι
1439 2481 1547 2535 τῶν
1568 2481 1737 2551 ἁγίων

158 2584 289 2647 τοὺς
320 2582 495 2653 βίουςο
523 2578 778 2633 κάκεῖθεν
799 2575 1179 2649 έρανισαμένῳ
1201 2572 1311 2626 τῶν
1335 2571 1546 2643 ἀρετῶν
1572 2573 1739 2642 ἁκρο-

161 2676 329 2729 θίνια.
357 2673 491 2725 Τίνα
526 2670 635 2741 γὰρ
667 2668 776 2722 τῶν
811 2665 1020 2737 ἀρετῶν
1054 2665 1162 2718 τῶν
1196 2664 1365 2733 ἁγίων
1397 2664 1459 2718 οὐ
1496 2663 1741 2735 παρεξή-

161 2767 364 2829 λωσας,
408 2757 452 2817 ὦ
500 2763 717 2833 Πάτερ,
745 2761 815 2813 Ἢ
857 2758 1001 2821 τίνος
1045 2757 1156 2810 τῶν
1203 2756 1468 2826 ὑπερλίαν
1508 2756 1570 2809 οὐ
1617 2756 1738 2809 κατ’

166 2859 313 2929 ῐχνος
339 2854 637 2925 εὐώδησας,
663 2853 695 2923 ἢ
724 2853 969 2922 κρεῖττον
993 2850 1192 2911 εἰπεῖν,
1215 2848 1320 2901 τίνι
1340 2848 1448 2900 τῶν
1472 2850 1595 2901 κατ’
1615 2849 1741 2917 ἁρε-

162 2952 267 3022 τὴν
297 2949 608 3018 ζησάντων,
639 2942 978 3015 ἁμιλληθεὶς,
1012 2942 1073 2994 σὲ
1102 2941 1262 2995 αὐτὸν
1288 2942 1349 2995 οὐ
1378 2941 1736 3012 παρίσωσας;

241 3042 408 3095 Ἀϐελ
449 3042 476 3093 ὁ
513 3040 739 3102 δίκαιος,
768 3036 861 3090 ἐπὶ
899 3037 1012 3098 τοῖς
1043 3033 1236 3103 δώροις
1273 3032 1438 3086 αὑτοῦ
1477 3034 1736 3107 ἐπῃνέθη,

166 3134 332 3195 αὺτδς
375 3132 451 3197 δὲ,
491 3129 799 3184 δικαιότατε
844 3127 1047 3197 Πάτερ,
1091 3124 1263 3194 δῶρον
1305 3124 1426 3177 ὅλον
1469 3124 1530 3177 σὲ
1580 3124 1741 3178 αὐτὸν

1839 645 1924 689 tas
1965 636 2096 689 fecit
2146 636 2327 691 virtus
2384 638 2603 706 claves;
2644 654 2745 696 nec
2783 646 2895 696 tete
2952 638 3257 710 quidquam
3283 640 3416 696 boni

1837 724 1994 796 fugit,
2030 737 2313 797 pastorum
2350 730 2578 801 optime,
2619 731 3061 802 pontiﬁcumque
3085 731 3415 788 celebratis-

1837 820 1979 874 sime
2016 818 2264 875 Nicolae.
2294 821 2742 881 Pretiosissimas
2774 826 2921 882 enim
2949 840 3202 897 quasque
3236 826 3416 881 virtu-

1837 920 1941 975 tes,
1971 914 2120 968 velut
2144 915 2198 969 in
2234 918 2480 985 pretioso
2531 919 2790 974 thesauro
2841 919 3146 990 pellucidos
3177 920 3411 992 lapides,

1838 1005 1893 1058 in
1925 1007 2081 1059 beata
2134 1007 2313 1061 anima
2344 1019 2438 1063 tua
2467 1011 2792 1075 condidisti,
2820 1013 2951 1069 inde
3006 1013 3265 1070 omnibus
3302 1012 3419 1071 fere

1837 1097 1940 1153 sub
1979 1099 2096 1153 sole
2129 1101 2332 1169 positis
2358 1100 2539 1159 factus
2580 1098 2728 1158 lania
2763 1105 3138 1164 clarissimus.
3182 1105 3307 1163 Non
3334 1106 3419 1163 sic

1837 1189 1983 1242 enim
2040 1190 2266 1246 lucerna
2323 1195 2544 1250 excelso
2570 1211 2851 1267 aureaque
2876 1198 3208 1255 candelabro
3238 1200 3420 1271 impo-

1838 1279 1966 1347 sita,
1999 1281 2198 1340 domus
2249 1284 2492 1340 illustrat
2541 1286 2676 1344 lines
2718 1304 2914 1344 omnes
2971 1299 3027 1345 et
3054 1291 3325 1360 angulos;
3356 1298 3421 1347 ut

1838 1380 1919 1433 tu,
1952 1374 2138 1429 statim
2201 1377 2528 1446 pontiﬁcali,
2561 1394 2591 1434 a
2618 1382 2838 1436 Christo
2881 1398 3015 1438 vero
3068 1382 3164 1439 illo
3186 1383 3416 1452 lumine,

1839 1462 2049 1521 locatus
2110 1467 2334 1535 throno,
2366 1472 2515 1527 velut
2558 1474 2854 1531 tenebroso
2884 1475 3030 1541 loco,
3069 1476 3279 1532 mundo
3313 1475 3421 1532 hoc

1838 1554 2079 1610 obscuro
2118 1572 2397 1631 caecoque,
2433 1562 2688 1620 subditas
2719 1580 2913 1622 omnes
2961 1581 3116 1633 oves,
3140 1582 3241 1625 ceu
3273 1584 3419 1640 prm-

1840 1655 1997 1703 tensa
2030 1648 2170 1715 face,
2198 1653 2265 1707 ad
2298 1654 2486 1710 lumen
2522 1656 2736 1714 ducens
2771 1660 2950 1715 noctis
2982 1662 3257 1728 nescium,
3284 1662 3419 1716 illu-

1840 1745 1987 1795 stras
2019 1754 2033 1793 :
2059 1756 2123 1796 ac
2151 1744 2301 1798 velut
2334 1744 2402 1801 de
2439 1747 2659 1803 excelsa
2704 1751 2953 1819 specula,
2983 1765 3097 1805 non
3137 1753 3206 1807 iis
3237 1733 3417 1807 solum

1839 1832 1935 1902 qui
1995 1843 2125 1889 sunt
2179 1852 2374 1907 prope,
2410 1837 2506 1894 sed
2564 1848 2619 1895 et
2642 1840 2808 1913 longe
2865 1843 3089 1913 positis,
3147 1843 3418 1914 spiritalis

1840 1926 2084 1981 scientiae
2127 1943 2258 1984 vero
2316 1929 2494 1999 radio,
2539 1933 2828 2002 prmluces.
2864 1933 3036 1991 Plane
3060 1938 3210 1991 enim
3243 1936 3420 1993 subli-

1839 2033 1982 2073 mem
2008 2017 2135 2074 l‘ecit
2169 2023 2421 2092 angelica
2456 2024 2583 2080 vita:
2630 2026 2889 2082 instituta
2920 2029 3086 2083 ratio.
3110 2027 3285 2098 Fecit,
3321 2044 3417 2084 νεα

1838 2124 1913 2163 rae
1944 2110 2009 2163 ad
2052 2110 2225 2167 Deum
2247 2114 2397 2169 velut
2438 2118 2857 2187 temperatiouis
2915 2119 3133 2191 puritas
3162 2127 3417 2176 contem-

1839 2199 2141 2271 platioque,
2190 2211 2250 2257 ut
2281 2219 2418 2273 pene
2450 2207 2710 2263 cmlestes
2752 2223 2884 2266 axes
2912 2210 3099 2266 volatu
3127 2218 3417 2268 transcen-

1838 2290 2017 2345 deres.
2049 2290 2179 2347 lude
2200 2301 2255 2347 et
2288 2293 2384 2348 tibi
2406 2295 2757 2354 multiformis
2784 2299 2877 2354 illa
2907 2300 3116 2367 virtus,
3140 2315 3273 2371 qua,
3294 2301 3416 2371 apis

1840 2381 2039 2450 instar,
2093 2393 2413 2440 sanctorum
2471 2390 2624 2445 velut
2682 2389 2989 2461 decerpens
3038 2392 3205 2459 vitas,
3238 2408 3419 2464 exque

1841 2476 1922 2530 cis
1947 2477 2209 2531 virtutum
2238 2481 2425 2550 opima
2477 2495 2801 2553 corrogans,
2829 2484 3066 2552 positam
3117 2485 3173 2540 in
3202 2485 3419 2541 actione

1841 2568 2245 2640 philosophiam
2289 2572 2535 2645 collegit.
2570 2574 2744 2642 Quam
2768 2576 2915 2631 enim
2943 2586 3266 2633 sanctorum
3304 2579 3419 2633 vir-

1841 2668 2013 2716 tutem
2045 2679 2154 2718 non
2189 2679 2249 2719 es
2278 2665 2584 2733 aemulatus,
2611 2683 2644 2722 o
2695 2666 2900 2724 Pater?
2937 2668 3182 2736 Quemve
3238 2669 3425 2741 maxig
3502 2696 3503 2699 η

1842 2766 1991 2806 mum
2032 2769 2145 2809 non
2173 2770 2204 2810 e
2233 2756 2466 2828 vestigio
2520 2756 2755 2813 feliciter
2819 2771 3049 2816 secutus
3072 2761 3171 2817 es?
3201 2760 3319 2829 Vel,
3356 2770 3420 2816 ut

1842 2844 2040 2901 melius
2071 2846 2283 2918 loquar,
2336 2864 2629 2919 quemnam
2680 2865 2871 2906 eorum
2926 2852 3021 2922 qui
3054 2852 3242 2909 vixere
3272 2868 3303 2909 e
3329 2867 3422 2909 ra-

1844 2936 1993 2992 tione
2022 2937 2263 3006 virtutis,
2307 2942 2614 2997 certamine
2652 2957 2760 2997 non
2793 2946 3071 3013 aequasti?
3306 3006 3313 3019 ν,

1913 3030 2046 3085 Abel
2073 3031 2161 3086 ille
2181 3031 2369 3102 justus
2387 3040 2608 3103 propter
2630 3046 2859 3090 munera
2890 3033 3103 3090 laudem
3128 3036 3331 3092 meruit
3351 3046 3417 3102 p;

1845 3132 1900 3177 tu
1926 3133 2128 3190 autem,
2155 3125 2317 3179 Pater
2347 3124 2678 3194 iustissime,
2710 3136 2884 3182 totum
2925 3137 3000 3195 te,
3032 3130 3142 3183 Deo
3169 3130 3261 3199 qui
3292 3130 3415 3183 nul-

167 3222 290 3293 Θεῷ
320 3221 397 3291 τῷ
429 3218 665 3273 ἁνενδεεῖ
696 3215 930 3284 λογικῶς
963 3213 1341 3275 ἁνατέθεικας.
1380 3212 1549 3283 Ἑνὼχ
1582 3212 1738 3283 ἠλπι-

1848 3214 1956 3269 lius
1983 3223 2128 3285 eget,
2178 3217 2436 3271 rationali
2478 3232 2704 3274 munere
2742 3220 3111 3276 consecrasti;
3144 3222 3327 3275 Enoch
3363 3220 3418 3274 in

170 3330 267 3367 σεν
296 3312 389 3364 ἐπὶ
418 3309 643 3380 Κύριονο
682 3306 843 3370 αὐτὸς
871 3306 929 3359 δὲ
957 3304 1054 3359 καὶ
1085 3303 1196 3357 τῶν
1225 3302 1747 3373 προσαποκειμένων

168 3404 403 3458 ἐλπίδων
438 3402 585 3472 ᾔδεις
624 3398 723 3462 τὰς
764 3396 1067 3463 ἀποδείξεις
1106 3397 1377 3467 ἐναργεῖς.
1405 3395 1549 3460 Ἔτι,
1578 3392 1747 3464 Ἑνὼχ

169 3495 539 3567 εὖαρεστὴσας
570 3490 651 3561 τῷ
683 3489 804 3561 Θεῷ
841 3488 1124 3561 μετετέθη,
1150 3487 1310 3549 αὐτὸς
1344 3486 1401 3540 δὲ
1429 3487 1488 3539 τὸ
1516 3486 1614 3557 τῆς
1646 3486 1747 3556 ψυο

169 3593 272 3662 χῆς
304 3589 558 3658 φρόνημα
590 3585 710 3638 ὅλον
736 3584 845 3638 ἀπὸ
873 3584 977 3654 γῆς
1008 3584 1086 3646 είς
1118 3581 1347 3652 οὐρανὸν
1381 3581 1744 3651 μεταστήσας,

170 3684 292 3744 ὅλος
341 3701 359 3733 ι
403 3680 626 3747 ἐξέστης
664 3676 814 3745 Θεῷ,
871 3696 889 3727 ι
936 3675 1004 3727 τὰ
1052 3676 1244 3743 ῥέοντα
1288 3672 1397 3726 τῶν
1444 3672 1743 3742 μελλόντων

170 3770 661 3838 ἁνταλλαξὰμενος.
701 3767 824 3818 Νῶε
865 3765 1071 3826 δίκαιος
1110 3762 1217 3826 ῶν,
1252 3764 1345 3815 ἐπὶ
1378 3765 1496 3824 ταῖς
1532 3760 1745 3824 θυσίαις

170 3862 530 3921 εῦαπόδεκτος
569 3859 825 3926 γέγονεν·
870 3856 991 3909 ἐπεὶ
1032 3856 1125 3908 καὶ
1164 3858 1231 3925 τῇ
1271 3854 1497 3925 λάρνακι
1537 3851 1742 3925 ξυλίνῃ,

171 3954 328 4018 ζώων
355 3952 565 4019 ἀλόγων
591 3951 723 4020 γένη
739 3949 963 4001 διέσωσε
982 3945 1073 4000 τοῦ
1104 3946 1490 4021 κατακλυσμοῦ
1520 3946 1617 4015 τὴν
1642 3944 1746 4013 γῆν

172 4044 619 4114 συγκαλύψαντος
642 4059 656 4072 ·
685 4041 847 4103 αὐτὸς
876 4040 933 4092 δὲ
960 4038 1178 4111 θύματα
1207 4040 1301 4097 κα).
1330 4039 1501 4107 ἱερεῖα.
1529 4037 1743 4105 λογικὰ,

167 4140 270 4201 τὰς
303 4135 569 4206 μυστικὰς
597 4133 851 4203 λατρείας
876 4132 1209 4203 προσφέρεις
1230 4129 1368 4198 Θεῷ,
1391 4129 1556 4200 ἄλλην
1579 4129 1744 4181 κιόω-

165 4231 260 4283 τὸν
293 4229 507 4289 δεικνὺς
544 4226 640 4296 τὴν
673 4222 911 4295 Χριστοῦ
949 4222 1301 4292 Ἐκκλησίαν,
1338 4220 1589 4292 καθάπερ
1629 4222 1746 4286 ζῶα

139 4317 431 4386 ’πολυειδῆ
448 4317 493 4347 ⁸⁸
528 4317 595 4368 τὰ
630 4315 730 4383 τῆς
774 4314 1040 4383 αἱρέσεως
1077 4310 1453 4374 διασώζουσαν
1481 4313 1546 4380 τῇ
1586 4311 1744 4382 ὀρθο-

164 4410 331 4481 τομία
358 4410 467 4462 τῶν
496 4409 669 4475 λόγων
704 4424 818 4459 σου.
852 4406 1103 4475 Ἀϐραὰμ
1136 4408 1193 4457 ὲν
1222 4404 1497 4474 φιλοξενίᾳ
1526 4403 1622 4457 καὶ
1653 4421 1743 4472 φι-

1848 3304 2082 3362 Domino
2119 3305 2645 3379 speravit(‘il)1;tu
2668 3310 3029 3365 autemetiam
3070 3324 3264 3365 eorum
3297 3324 3420 3380 quae

1848 3397 1903 3451 in
1944 3412 2041 3467 spe
2070 3398 2308 3468 reposita
2327 3407 2509 3455 essent
2535 3399 2901 3457 exhibitiones
2932 3402 3221 3471 perspicue
3248 3416 3418 3457 nove-

1846 3502 1957 3543 ras.
1984 3488 2276 3557 Praelerea,
2306 3488 2496 3545 Enoch
2531 3505 2655 3545 cum
2684 3489 2795 3546 Deo
2813 3491 3133 3561 placuisset,
3169 3490 3419 3546 transla-

1846 3586 1935 3633 tus
1970 3586 2056 3633 est
2090 3588 2153 3631 τε
2189 3588 2246 3632 ιιι
2286 3587 2469 3634 autem
2507 3588 2622 3635 toto
2670 3581 2839 3635 animi
2884 3596 3051 3637 sensu
3103 3597 3135 3637 e
3181 3589 3330 3637 terra
3362 3583 3414 3635 in

1847 3670 2047 3723 cmlum
2083 3670 2375 3734 translato,
2411 3671 2555 3725 ﬂuxa
2620 3671 2737 3726 haec
2769 3671 2978 3727 futuris
3032 3684 3416 3736 commutans,

1846 3767 1995 3815 totus
2033 3778 2052 3811 ι
2086 3752 2373 3816 excessisti
2406 3760 2512 3816 Deo
2540 3765 2621 3816 ⁸.»
2656 3760 2770 3819 Noe
2797 3764 2877 3816 vel
2904 3764 3090 3833 justus
3121 3763 3178 3817 in
3216 3765 3417 3819 oblatis

1845 3852 2084 3907 victimis
2109 3860 2368 3922 acceptus
2396 3852 2496 3906 fuit
2518 3855 2537 3890 ι
2567 3870 2581 3919 ;
2607 3854 2751 3907 unde
2778 3862 2832 3909 et
2856 3854 3141 3908 brutarum
3166 3854 3425 3907 animau-‘

1845 3943 2497 4014 tium'species,‘dilutio
2538 3954 2742 4000 terram
2791 3946 3119 4011 inundante,
3188 3960 3316 4000 area
3346 3947 3419 4000 li-

1845 4047 1983 4105 gnea
2055 4034 2125 4088 ab
2195 4035 2416 4090 interitu
2483 4037 2686 4105 eripuit
2735 4052 2748 4088 :
2802 4046 2859 4091 tu
2920 4045 3105 4090 autem
3164 4038 3418 4091 victimas

1844 4126 2140 4183 rationales
2189 4128 2461 4182 sacrilicia
2486 4128 2767 4196 spiritalia
2820 4127 2929 4183 Deo
2967 4128 3225 4194 oﬂ‘erens,
3271 4129 3421 4183 velut

1846 4224 2028 4274 arcam
2056 4218 2218 4273 aliam
2251 4220 2475 4275 exhibes
2511 4219 2603 4275 Dei
2638 4218 2985 4287 EcclesiauL;
3037 4234 3167 4290 qua.
3199 4226 3418 4274 tuorum

1847 4326 2162 4366 sermonum
2189 4326 2327 4366 sana
2371 4311 2650 4377 doctrina,
2679 4326 2778 4365 ceu
2811 4311 3162 4367 diversarum
3208 4314 3423 4383 specie»
3498 4376 3509 4383 _

1846 4418 1967 4457 rum
2027 4403 2307 4468 animalia,
2375 4403 2759 4459 haereticorum
2796 4404 2999 4458 diversi
3056 4412 3235 4459 cmtus
3284 4404 3420 4459 salvi

164 4503 349 4573 λοθεῖᾳ
375 4500 735 4570 θαυμάζεται,
760 4499 856 4553 καὶ
885 4487 1001 4569 ἓίμα
1030 4498 1178 4569 θῦμα
1202 4498 1389 4552 δεκτὸν
1414 4496 1629 4559 ἁθύτως
1652 4497 1738 4550 τὸν

1848 4494 1998 4548 lianl.
2042 4494 2317 4550 Abraham
2352 4494 2748 4563 hospitalitatis
2768 4496 2989 4575 nomine
3011 4504 3065 4550 et
3098 4495 3321 4565 pietatis
3361 4498 3419 4550 in

164 4595 223 4661 ἐξ
253 4566 578 4662 ἐπαγγελίας
607 4593 722 4645 υίὴν
751 4566 1047 4662 προσάγων
1077 4566 1215 4660 Θεῷ,
1240 4590 1738 4660 μακαρίζεταιοαῦο

1847 4585 2014 4641 Deum
2048 4586 2475 4659 admirationem
2510 4588 2672 4643 habet
2698 4600 2746 4653 ιι,
2786 4571 3071 4658 liliumque
3097 4599 3418 4659 suscepturi:

164 4685 259 4748 τὸς
289 4684 371 4749 δὲ,
400 4683 632 4754 Χριστὸν
663 4682 823 4736 αὑτὸν
844 4668 1095 4750 ¹ξενὰγεις
1129 4674 1322 4733 ἐσθίων
1352 4680 1475 4733 καθ’
1499 4670 1733 4750 ἡμέραν,

90 4771 97 4778 ’
167 4774 308 4848 [καὶ]
337 4777 712 4859 πνευματικῆς
746 4775 1060 4845 μεταδιδοὺς
1086 4772 1368 4845 τραπέζης
1392 4774 1518 4835 τοὺς
1546 4774 1735 4840 ἐντυγ-

164 4870 426 4938 χάνοντας
450 4884 464 4899 ⁸
499 4868 593 4933 καὶ
625 4867 747 4939 θύῃ,
779 4869 839 4920 οὐ
868 4868 960 4935 τον
988 4867 1268 4939 ἀγαπητὸν
1296 4867 1429 4930 υίὸν,
1456 4867 1489 4934 ἢ
1522 4866 1732 4935 πρόϐα-

231 5055 254 5078 ’
282 5044 518 5115 Philipp.
560 5061 618 5107 ll,
676 5046 770 5100 15.
841 5055 868 5093 P
905 5012 1152 5115 Cen.1v.
1191 5042 1248 5096 4.
1326 5053 1354 5105 ει
1383 5009 1519 5097 Cen.
1550 5057 1603 5105 ν,
1643 5041 1735 5098 24.

1876 5045 2041 5099 llebr.
2060 5059 2133 5106 Kl,
2172 5043 2225 5096 5.

1392 5184 1395 5188 ⁴
1427 5184 1659 5240 νΑιιιΑῑ
1698 5187 2079 5243 LECTIONES

165 5127 191 5155 υ
224 5116 363 5172 Gen.
396 5131 551 5182 xvm,
585 5116 641 5169 2.
714 5126 744 5154 τ
767 5114 905 5170 Gen.
936 5129 1072 5178 xxii,
1105 5114 1180 5171 16.

233 5214 468 5309 ⁸⁸Ιλείπ.
492 5271 566 5311 τι.

1846 4694 1911 4734 ex
1966 4680 2416 4748 repromissione,
2486 4681 2768 4735 victimam
2860 4681 2983 4734 sine
3042 4681 3417 4737 immolatione

1843 4778 2147 4841 acceptam,
2202 4770 2313 4827 Deo
2362 4770 2621 4837 oﬂ‘erens,
2654 4772 2849 4828 beatus
2880 4772 3217 4842 praedicatur
3240 4781 3265 4810 ν
3294 4792 3309 4840 ;
3356 4777 3413 4824 tu

1804 4916 1805 4919 η
1843 4873 2046 4929 autem,
2104 4864 2445 4919 manducans
2510 4865 2762 4935 quotidie
2796 4864 2958 4935 '(62),
3010 4855 3173 4934 atque
3206 4879 3302 4919 eos
3326 4864 3421 4935 qui

2284 5049 2328 5095 .'
2363 5042 2405 5097 ll
2438 5043 2566 5099 Cor.
2616 5060 2669 5108 γ,
2725 5046 2813 5100 15.
2920 5049 2940 5083 ί
2974 5044 3111 5103 Gen.
3180 5064 3299 5117 vm,
3327 5046 3416 5105 2|-

1429 5319 1819 5377 COMBEFISII
1851 5321 2082 5378 NOTAE.

238 5439 345 5510 (60)
390 5437 492 5510 Qui
546 5438 755 5510 verbum
805 5438 924 5489 ulla:
978 5434 1269 5510 continens,
1315 5443 1443 5510 etc.‘
1480 5434 1728 5507 Utlapud

162 5504 420 5569 Paulum,
469 5509 545 5561 ita
591 5507 700 5568 hic,
759 5514 943 5575 potest
968 5505 1312 5575 participium
1358 5504 1729 5567 referre',.tum

160 5598 322 5652 quem
345 5580 642 5652 alloquitur
664 5573 966 5652 Nicolaum,
992 5573 1415 5652 ῑυιιιφωστῆρα,
1440 5577 1530 5652 ριιὶ
1552 5577 1731 5644 ipsum

162 5644 461 5720 comparat.
474 5644 753 5720 "Referunt
778 5645 891 5701 fere
917 5644 1419 5720 Pauliinterpretes
1449 5648 1516 5701 ad
1548 5662 1732 5716 perso-

160 5738 263 5778 nas
291 5714 345 5774 et
397 5718 774 5786 Philippenses
822 5730 964 5786 quos
1020 5714 1300 5785 dilaudat,
1339 5730 1503 5785 quem
1540 5714 1593 5772 et
1627 5733 1731 5773 nos

160 5804 382 5850 sensum
411 5798 583 5843 SBCUll
623 5801 833 5842 sumus.
1716 5852 1717 5855 η

233 5862 344 5932 (61)
372 5857 562 5914 Enoch
585 5859 639 5911 in
683 5856 906 5911 Domino
931 5856 1180 5925 speravit.
1212 5858 1529 5923 Apostolus,
1564 5855 1729 5914 Hebr;

435 5952 703 6015 PATROL.
751 5951 866 6010 Gn.
899 5952 1118 6016 XCVII

1840 5438 2549 5505 xu,lideitribuit;verum
2606 5450 2713 5497 non
2773 5443 3018 5498 excludit
3064 5456 3239 5511 spem,
3292 5456 3414 5508 quae

1841 5519 1893 5565 et
1924 5510 2393 5583 ipsaneces‘saria
2430 5512 2531 5567 fuit
2559 5522 2617 5567 ut
2642 5515 2880 5583 placeret
2919 5513 3050 5577 Deo,
3081 5510 3414 5582 plurimum-

1840 5596 1948 5653 que
1982 5581 2153 5634 valuit
2178 5580 2246 5634 ad
2286 5584 2404 5651 ejus
2432 5580 2873 5648 translationem,
2909 5584 3057 5639 velut
3082 5580 3192 5653 viri
3231 5583 3324 5653 qui
3348 5596 3415 5637 ea

1842 5650 2136 5704 subvectus
2164 5666 2229 5705 ac
2254 5650 2402 5709 totus
2436 5655 2756 5710 coelestibus
2784 5655 3022 5718 inhians,
3058 5652 3149 5707 vix
3174 5650 3282 5709 non
3312 5653 3417 5705 hu—

1842 5721 2041 5793 manis,
2068 5721 2249 5793 adhuc
2280 5738 2510 5793 corpore
2536 5727 2748 5788 vivens,
2772 5724 3080 5780 excessisse
3109 5724 3411 5779 videretur.

1916 5790 2393 5865 (62)}!anducans
2436 5794 2687 5864 quotidie.
2740 5795 2966 5848 Ἐσθίων
3021 5793 3146 5848 καθ’
3176 5794 3405 5865 ἡμέραν.

1847 5861 1939 5914 Pia
1987 5860 2278 5918 admodum
2332 5860 2566 5937 veraque
2621 5866 3016 5922 consideratio.
3074 5865 3150 5920 Ea
3187 5860 3412 5936 pietate,

3021 5958 3096 6023 38
