4176 6448
209 443 343 511 1201
1503 454 1588 517 ΙΝ
1613 452 1675 517 S.
1705 454 1779 515 Ν]

1883 457 2126 520 ἰΑυΜ.
3326 458 3469 525 Ἠξθῖ

204 556 379 614 ταῦτα
403 558 504 630 τῆς
538 558 864 634 Ἀνδριακῆς
886 562 915 617 ὀ
945 562 1135 636 λιμήν.
1164 565 1353 636 Τούτῳ
1375 567 1485 641 γὰρ
1509 570 1613 625 οὐκ
1634 570 1779 642 ἔχον-

1890 579 2132 641 portum,
2191 573 2275 625 vir
2329 570 2730 638 sacratissime,
2767 570 2918 627 velut
2950 587 3117 629 manu
3170 577 3361 633 ducis:
3392 594 3456 633 ac

201 665 302 712 τας
360 649 605 713 ἐκείνους
667 651 768 722 μὲν
826 655 1246 726 παραπλεῦσαι,
1299 660 1779 729 παρέπεισας,ῐνο

1892 677 1959 717 eo
2018 663 2191 733 liquet
2249 664 2398 734 quod
2454 664 2573 733 ipse
2625 665 2970 722 te-vectoris
3025 666 3210 736 specie
3275 671 3460 725 nautis

202 737 479 795 πεινῶντα
510 740 640 796 λαὸν
678 743 1004 820 διαθρέψῃς,
1029 747 1125 801 καὶ
1151 748 1315 819 λιμοῦ
1353 749 1526 823 θυμὸν
1558 753 1779 822 χαλινώε

1892 753 2173 823 quondam
2220 750 2546 809 exbibueris
2592 753 2981 821 conspicuum,
3018 754 3164 811 fame
3193 756 3459 812 nimirum

198 847 336 906 σῃςο
370 828 486 889 οἷον
539 836 636 890 καὶ
681 839 970 910 χρυσίνους
1025 844 1198 912 τρεῖς,
1231 843 1309 908 ὡς
1348 844 1505 914 λόγος
1533 846 1778 902 ἐκποδὼν

1891 851 2040 899 tuam
2078 844 2228 899 illam
2263 842 2614 914 metmpolim
2642 852 2944 914 premente.
2986 844 3155 902 Novit
3182 848 3296 903 haec
3329 860 3461 919 por-

198 925 513 996 γενόμενος,
538 931 641 1000 τῆς
669 931 797 1000 νηὸς
818 933 1200 999 καταλέλυκας
1221 950 1234 965 °
1255 938 1350 990 καὶ
1372 937 1556 993 λαθεῖν
1581 942 1665 1005 εἰς
1687 941 1779 994 τέ-

1892 946 1979 991 tus
2007 936 2297 991 Andriacte
2326 935 2464 1007 (70).
2507 934 2641 989 Nam
2672 936 2827 991 fuisti
2859 946 3053 991 auctor
3081 947 3164 1005 ut,
3203 942 3351 1011 quod
3382 942 3459 997 illi

196 1014 289 1081 λος
309 1018 410 1071 οὐκ
458 1014 529 1091 ἦν
548 1022 640 1074 τὸν
660 1022 755 1075 τοῦ
796 1023 982 1088 ἔθνους
1030 1024 1139 1079 τῶν
1170 1027 1387 1082 Λυκίων
1438 1032 1779 1103 μερνιμνητὴν

1889 1027 2116 1085 minime
2159 1028 2584 1090 meditabantur,
2627 1043 2694 1082 eo
2742 1028 3173 1100 adnavigarent,
3222 1048 3332 1103 quo
3379 1035 3461 1088 alo

199 1110 294 1163 καὶ
343 1111 691 1183 ὑπέρμαχον,
721 1116 983 1184 ἀγγελικὲ
1015 1118 1107 1171 τὸν
1154 1120 1358 1189 τρόπον
1407 1123 1502 1175 καὶ
1530 1123 1592 1177 τὸ
1617 1125 1778 1196 ἔργον

1888 1119 1997 1173 lata
2027 1132 2244 1173 annona
2273 1118 2614 1174 esurientem
2667 1118 2927 1187 populum
2966 1132 3249 1186 pasceres,
3280 1136 3346 1176 ac
3376 1121 3458 1175 fa.

196 1202 455 1258 Νικόλαε.
506 1206 628 1259 Ὅτι
677 1209 787 1279 γὰρ
815 1210 870 1263 ἐν
902 1212 1069 1281 σαρκὶ
1132 1212 1360 1283 περιὼν,
1411 1216 1506 1270 καὶ
1537 1218 1667 1288 πρὶν
1696 1219 1778 1282 εἰς

195 1295 437 1365 Χριστὸν
493 1298 760 1354 ἀναλῦσαι
793 1318 877 1365 σε,
909 1303 1272 1376 πολυτρόπως
1328 1307 1616 1379 ὲπιφοιτᾷς
1656 1313 1773 1374 τοῖς

200 1385 566 1457 θλιϐομένοις,
625 1390 720 1445 καὶ
750 1391 963 1464 βοηθεῖς
996 1395 1095 1465 μὲν
1113 1435 1128 1461 ,
1156 1398 1268 1460 τοῖς
1293 1397 1351 1449 ὲν
1377 1398 1671 1467 ἀνάγκαις,
1697 1401 1777 1465 ὡς

199 1477 457 1548 τάχιστα,
485 1481 721 1552 ὲξαίρεις
741 1483 797 1536 δὲ
827 1486 920 1539 καὶ
962 1487 1249 1556 μιαιφόνου
1284 1490 1499 1559 σφαγῆς
1526 1492 1655 1555 τοὺς
1679 1494 1779 1561 ὲμ-

199 1570 505 1635 πίπτοντας
537 1588 548 1601 '
582 1575 635 1627 τί
667 1575 733 1629 ἂν
792 1576 923 1630 ἄλλο
966 1594 1027 1630 σε
1056 1579 1507 1649 παραδείκνυσιν,
1544 1583 1577 1653 ἢ
1609 1585 1777 1653 ἀγγε-

198 1660 361 1733 λικὴν
415 1665 691 1735 ἀσαρκίαν
739 1668 1159 1740 ὲνειλημμένον,
1193 1672 1481 1745 καὶταύτῃ
1517 1677 1646 1747 ῥᾷον
1680 1677 1779 1741 τὰς

196 1755 523 1819 τεραστείας
570 1759 983 1829 ὲργαζόμενονς
1033 1762 1193 1817 Ἀλλὰ
1235 1764 1323 1827 τίς
1366 1783 1460 1819 σου
1486 1766 1546 1819 τὸ
1572 1768 1780 1839 μακρό-

200 1842 374 1913 θυμον
416 1847 489 1918 μὴ
511 1847 811 1918 θαυμάσειε
836 1867 851 1915 ;
876 1851 972 1915 Τίς
999 1853 1062 1905 τὸ
1090 1856 1359 1926 μειλίχιον
1415 1858 1512 1912 σὺν
1564 1860 1777 1924 τούτοις

200 1934 301 1986 καὶ
340 1935 400 1987 τὸ
438 1938 614 2008 πρᾷον
672 1940 746 2010 μή
799 1942 1089 2014 ὲκπλαγῇς
1145 1945 1229 2009 τίς
1268 1946 1328 1999 τὸ
1364 1949 1639 2019 εἰρηνικὸν
1684 1953 1778 2005 καὶ

203 2024 441 2093 ίκέσιον;
485 2030 637 2083 Ἰιῖπελ¹
669 2032 795 2103 γὰρ,
827 2033 903 2098 ὣς
934 2052 1122 2103 φασιν,
1144 2039 1615 2111 ὲπισκεπτόμενός
1646 2061 1777 2099 ποτε

198 2114 269 2167 τὰ
295 2115 552 2186 κλήματα
606 2123 707 2192 τῆς
757 2123 1021 2197 ἀληθινῆς
1073 2128 1351 2199 ἀμπέλου,
1393 2134 1532 2204 πρὸς
1576 2134 1668 2189 τὸν
1720 2138 1778 2190 ὲν

203 2205 454 2275 μακαρίᾳ
483 2210 548 2278 τῇ
582 2211 774 2285 μνήμῃ
822 2213 1079 2283 Θεόγνιον
1136 2223 1497 2293 συναντήσας,
1527 2225 1619 2278 τόν
1646 2243 1776 2281 ποτε

197 2297 302 2364 τῆς
326 2297 750 2366 Μαρκιανιστῶν
780 2306 1109 2377 Ἐκκλησίας
1145 2312 1466 2380 ἐπίσκοπον,
1489 2316 1779 2385 διαλέξεως

200 2386 479 2456 γραφικῆς
530 2390 900 2462 προελθούσης
957 2397 1266 2468 διήλεγξας,
1310 2402 1505 2474 μέχρις
1531 2405 1651 2459 ὅτου
1686 2408 1779 2460 τὸν

200 2476 373 2546 ἄνδρα
406 2479 739 2551 ἐπιστρέψας
761 2486 896 2557 πρὸς
921 2489 982 2541 τὸ
999 2491 1203 2545 δοκοῦν
1218 2496 1589 2566 ὲπανήγαγες.
1615 2501 1779 2564 Ἴσως

199 2580 264 2618 τε
296 2567 359 2638 δή
412 2572 766 2644 παροξυσμοῦ
815 2594 961 2642 τινος
998 2581 1283 2651 ἐλαχίστου
1330 2589 1778 2657 παρεμπεσόντος

201 2657 287 2721 είς
342 2660 535 2729 μέσον’
593 2665 768 2738 ὑψηλῇ
795 2685 853 2722 τε
888 2675 1040 2742 φωνῇ
1086 2672 1147 2725 τὸ
1188 2675 1548 2731 ἀποστολικδν
1603 2680 1779 2732 ἐκεῖνο

206 2749 469 2820 μειλίχιον
492 2756 958 2829 ἐπιφθεγξάμενος
996 2763 1170 2833 ῥῆμα⁸
1204 2766 1395 2837 Δεῦρο.
1426 2764 1611 2833 εἶπας.
1643 2771 1780 2841 πρὸς

202 2842 576 2915 καταλλαγὴν,
637 2848 857 2918 ἀδελφὲ,
896 2855 1027 2922 πρὶν
1060 2854 1092 2924 ἢ
1126 2873 1144 2906 ι
1169 2856 1261 2909 τὸν
1309 2858 1462 2927 ἥλιον
1501 2860 1656 2915 δῦναι
1689 2865 1779 2916 ἐπὶ

202 2930 285 3025 τῶ
319 2938 692 3025 παροργισμῷ
750 2942 925 3010 ήμῶν.
963 2962 982 2994 ι
1035 2945 1216 3009 Ἀλλά,
1251 2949 1437 3021 Πάτερ
1482 2954 1734 3025 πατέρων
1762 2995 1778 3020 ,

200 3021 506 3093 ἀξιάγαστε
527 3028 787 3101 λαμπτὴρ
821 3036 1167 3108 οἰκουμένης,
1186 3040 1521 3112 Ἐκκλησίας
1542 3021 1778 3116 ἑδραίω-

206 3128 308 3179 μοι,
336 3116 617 3186 στήριγμα
672 3122 883 3176 πιστῶν
942 3127 1035 3178 καὶ
1070 3128 1362 3196 ἀσφάλεια,
1419 3135 1648 3203 ταχίστα
1670 3137 1781 3190 τῶν

1887 1212 1991 1265 mis
2046 1209 2288 1266 furorem
2346 1210 2785 1279 comprimeres:
2845 1209 2916 1263 ita
2988 1225 3121 1265 sane
3179 1218 3241 1265 ut
3310 1214 3465 1281 quod.

1901 1298 2043 1354 fama
2083 1299 2271 1369 procul
2312 1298 2510 1353 diﬂ‘usa
2541 1296 2725 1364 habet,
2754 1297 2935 1352 aureis
2969 1296 3142 1353 tribus
3173 1305 3452 1351 vecturam

1898 1393 2046 1448 velut
2069 1393 2428 1449 obstrinxeris
2460 1391 2596 1463 (7t),
2642 1406 2746 1447 nec
2780 1390 2995 1445 tandem
3018 1389 3192 1461 gentis
3224 1390 3316 1444 ille
3345 1388 3459 1459 Ly-

1899 1485 2108 1541 ciorum
2140 1494 2360 1541 curator
2404 1484 2764 1555 defensorque
2808 1484 2979 1538 latere
3012 1484 3269 1553 potuerit,
3294 1497 3334 1546 ,ο
3364 1480 3459 1535 Ni-

1882 1574 2036 1627 colae
2060 1611 2075 1636 ,
2109 1579 2165 1627 et
2194 1571 2441 1626 moribus
2467 1570 2685 1640 angele,
2714 1577 2768 1622 et
2800 1584 2985 1639 Opere.
3021 1569 3181 1636 Quod
3222 1573 3370 1626 enim
3403 1574 3461 1626 in

1883 1679 2050 1719 carne
2078 1673 2383 1733 superstes,
2441 1676 2507 1716 ac
2537 1661 2771 1715 necdum
2825 1660 2893 1716 ad
2927 1661 3210 1718 Christum
3268 1663 3456 1734 profe-

1882 1765 2027 1820 ctus,
2057 1756 2227 1811 variis
2273 1753 2453 1808 modis
2502 1752 2737 1810 afﬂictos
2795 1753 3099 1819 inviseres,
3149 1764 3313 1825 atque
3375 1757 3457 1811 eis

1884 1850 1976 1919 qui
2007 1850 2059 1903 iu
2115 1845 2541 1903 necessitatibus
2587 1845 2751 1916 positi
2799 1852 3009 1921 essent,
3047 1846 3459 1916 promptissime

1812 1910 1855 1969 Β
1883 1910 2252 2001 atixiliareris.
2293 1953 2433 2010 eque
2469 1936 2677 1992 crudeli
2719 1950 2854 1990 nece
2894 1951 2993 1991 eos
3032 1937 3326 2002 eximeres,
3360 1938 3477 2009 qui.

1876 2035 1989 2105 jam
2018 2031 2139 2103 ejus
2173 2031 2346 2087 aleam
2387 2029 2662 2094 subirent,
2693 2026 2831 2097 quid
2868 2036 2920 2082 te
2951 2028 3101 2084 aliud
3127 2029 3457 2096 ostendunt,

1879 2141 2044 2197 quam
2114 2126 2260 2180 velut
2305 2124 2618 2195 angelicum
2676 2125 2795 2184 sine
2829 2137 2999 2177 carne
3048 2130 3251 2177 statum
3311 2123 3457 2176 arri-

1880 2218 2086 2286 puisse,
2117 2232 2227 2287 quo
2262 2224 2413 2270 tanta
2455 2220 2723 2273 facilitate
2769 2214 3019 2285 prodigia
3057 2212 3310 2268 faceres?
3340 2212 3459 2267 Ca3-

1881 2320 2057 2366 terum
2094 2313 2224 2380 quis
2273 2328 2384 2367 non
2430 2313 2663 2366 miretur
2698 2321 2849 2366 tuam
2889 2308 3039 2363 illam
3065 2305 3469 2376 longanimitah

1883 2401 2032 2459 tem?
2060 2400 2196 2466 Quis
2226 2400 2292 2455 ad
2350 2401 2466 2455 haec
2504 2416 2675 2457 suave
2704 2399 2984 2469 eloquium
3011 2409 3304 2464 moresque
3357 2395 3465 2450 mi-

1885 2504 1965 2547 tes
1988 2507 2092 2546 nou
2114 2499 2330 2562 stupeat
2351 2492 2374 2545 ?
2397 2492 2534 2559 Quis
2569 2492 2832 2561 paciﬁcos
2859 2505 2922 2544 ac
2951 2485 3273 2558 supplices?
3294 2483 3456 2551 Nam,

1858 2593 1943 2638 ⁴ιιι.
1978 2586 2182 2648 ferunt,
2207 2600 2334 2639 cum
2368 2582 2668 2655 aliquando
2705 2596 2853 2637 verm
2892 2581 3024 2635 vitis
3080 2578 3339 2648 palmites
3369 2577 3458 2632 in-

1883 2678 2086 2742 visens,
2120 2676 2299 2731 beatae
2332 2676 2617 2731 memoria:
2658 2672 2945 2744 Theognio
2991 2671 3129 2743 (72),
3161 2668 3460 2724 Marciani-

1883 2778 2093 2824 starum
2130 2768 2390 2823 Ecclesiae
2412 2768 2541 2822 olim
2573 2769 2862 2837 episcopo,
2915 2764 3114 2819 obvius
3162 2761 3340 2816 factus
3372 2775 3471 2815 es-

1884 2878 1996 2925 ses,
2059 2862 2435 2932 disputatione
2495 2861 2706 2929 scripto
2761 2866 3050 2922 conserta,
3113 2854 3305 2910 tandiu
3356 2853 3458 2907 bo-

1885 2956 2085 3008 minem
2133 2952 2388 3024 arguisti,
2444 2952 2623 3007 donec
2673 2963 3010 3005 conversum
3075 2946 3141 3002 ad
3201 2946 3255 3001 id
3312 2945 3459 3015 quod

1884 3043 2174 3099 videbatur
2247 3044 2572 3098 reduceres.
2628 3040 2765 3121 Cum
2825 3037 2941 3094 fors
2991 3044 3176 3092 autem
3231 3034 3483 3089 minima<

1885 3134 2140 3206 quaedam
2202 3134 2557 3190 exacerbatio
2610 3124 3005 3201 disputationis
3050 3128 3234 3183 calore
3280 3124 3485 3180 media

199 3203 578 3275 ἀδικουμένων
607 3211 910 3282 ἀντίληψις,
930 3216 1025 3271 νῦν
1056 3222 1365 3289 ποιμαίνεις
1390 3226 1592 3293 μᾶλλον
1614 3230 1779 3300 ἡμᾶς,

1892 3203 2109 3283 interim
2136 3227 2446 3291 incidisset,
2488 3239 2623 3279 voce
2661 3223 2828 3288 elata,
2874 3220 3042 3276 melle
3072 3217 3293 3273 dulcius
3328 3229 3462 3285 apo-

202 3294 303 3345 καὶ
330 3296 714 3365 παραθάλπεις
731 3305 1091 3376 σφοδρότερον
1118 3311 1376 3382 καθαρῶς
1400 3294 1779 3390 προσεδρεύων

1888 3321 2143 3375 stolicum
2170 3317 2306 3373 illud
2340 3316 2745 3387 pronuntians:
2784 3312 2944 3376 Veni,
2981 3308 3233 3379 inquisti,
3267 3304 3461 3369 frater;

197 3385 345 3455 θεῷ,
382 3392 448 3459 τῇ
483 3392 663 3464 τελείᾳ
719 3397 812 3449 καὶ
860 3407 1205 3475 προσκυνητῇ
1270 3385 1481 3475 Τριάδι.
1530 3385 1666 3482 Περὶ
1690 3414 1779 3484 ἢν,

201 3479 414 3546 νοητῶς
461 3484 579 3545 ταῖς
643 3486 964 3554 ἀγγελικαῖς
1014 3498 1503 3568 συμπεριχορεύων
1539 3502 1780 3569 τάξεσιν,

199 3568 415 3622 ἄνωθεν
456 3574 606 3641 ἡμᾶς
641 3578 987 3645 ἐποπτεύεις,
1018 3575 1063 3636 ὦ
1085 3583 1202 3638 θεία
1261 3588 1357 3641 καὶ
1396 3591 1515 3661 ίερὰ
1547 3596 1779 3668 κεφαλὴ,

196 3661 540 3735 ἀποστολική
570 3683 629 3719 τε
654 3669 975 3740 χαρίσμασι,
1004 3676 1096 3728 καὶ
1151 3678 1281 3742 τοὺς
1337 3681 1437 3750 μὲν
1491 3685 1778 3759 ἐπιστηρί-

198 3748 348 3848 ξων,
391 3753 516 3815 τοὺς
542 3754 619 3821 δὲ,
654 3757 999 3825 καθοπλίζων
1055 3766 1227 3837 ἡμᾶς,
1277 3748 1351 3840 μή
1414 3748 1779 3848 κατοκνήσης,

195 3831 251 3891 ὦ
281 3840 463 3913 Πάτερ
493 3844 748 3916 ύποφῆτα
775 3851 869 3904 τοῦ
898 3831 1112 3922 λόγους·
1139 3859 1233 3911 καὶ
1261 3831 1370 3913 ἑῶν
1401 3831 1655 3934 ἀρρήτωᾷ
1684 3831 1786 3937 ιζ’ςρξ

195 3934 391 4031 ηγητὰ
418 3936 726 3994 διδάσκαλε.
764 3942 868 3995 Τὸν
892 3944 947 3996 δέ
979 3964 1043 4014 γε
1073 3948 1385 4021 όμότροπον
1414 3957 1507 4008 καὶ
1536 3934 1781 4031 διάδοχον

1884 3412 2330 3477 reconciliemur,
2389 3411 2713 3479 priusquam
2773 3425 2791 3457 ι
2854 3405 2937 3460 sol
2996 3401 3216 3457 occidat
3292 3413 3461 3469 super

1886 3500 2229 3557 iracundiam
2284 3508 2527 3554 nostram
2558 3497 2609 3552 ά.
2673 3516 2693 3549 ι
2733 3497 3030 3556 Caeterum,
3066 3507 3100 3545 ο
3141 3489 3303 3543 Pater
3359 3501 3459 3556 pa-

1884 3603 2057 3657 trum,
2120 3593 2238 3648 orbi
2305 3600 2578 3648 terrarum
2632 3590 2816 3644 lumen
2859 3584 3131 3649 mirabile,
3198 3581 3465 3637 Ecclesiae

1891 3685 2324 3747 ﬁrmamentum,
2379 3680 2624 3734 ﬁdelium
2674 3676 3057 3731 fulcimentum
3092 3678 3257 3741 atque
3296 3685 3459 3725 secu-

1886 3776 2047 3841 ritas,
2084 3788 2279 3827 eorum
2312 3771 2411 3842 qui
2446 3768 2703 3840 injuriam
2760 3766 3050 3836 patiuntur
3101 3761 3462 3831 paratissima

1889 3866 2160 3930 defensio,
2191 3879 2341 3919 nunc
2371 3876 2591 3934 quoque
2632 3874 2734 3914 nos
2783 3855 3088 3927 impensius
3124 3852 3333 3925 pascis,
3369 3851 3455 3908 fo-

1887 3975 2091 4028 vesque
2137 3955 2431 4018 intensius,
2484 3967 2624 4029 cum,
2673 3950 2805 4014 Deo,
2854 3956 3252 4003 consummatae
3281 3944 3360 3999 illi
3397 3958 3461 3998 ac

195 4022 492 4125 τῆςίερᾶς
539 4047 632 4125 σου
684 4033 1059 4109 ἀναστροφῆς
1094 4042 1186 4094 τὸν
1236 4046 1434 4117 μακρῷ
1477 4051 1575 4119 μὲν
1608 4022 1779 4125 χρόνῳ

1888 4022 2182 4105 adorandae
2212 4044 2494 4109 Trinitati,
2528 4024 2663 4114 pure
2697 4040 2986 4096 adbaeres:
3026 4038 3190 4107 cujus
3217 4039 3459 4092 eiu-cuitu

203 4116 351 4185 μετά
384 4120 461 4185 σὲ,
489 4125 554 4193 τῇ
582 4124 637 4177 δὲ
670 4128 833 4199 πολιᾷ
886 4132 1047 4196 εὐθύς
1068 4147 1083 4162 ⁶
1113 4138 1240 4200 τοὺς
1272 4138 1330 4191 δὲ
1360 4116 1537 4206 υἱούς
1588 4116 1779 4215 αύτοῦ,

200 4208 337 4311 σούς
361 4212 416 4264 δὲ
439 4214 717 4283 ἐγγόνους.
758 4223 953 4292 ἀνδροῦ
989 4243 1048 4278 τε
1080 4229 1174 4282 καὶ
1200 4229 1346 4303 λόγῳ
1403 4234 1597 4306 ἀληθεῖ
1621 4208 1782 4311 περιζ

196 4300 496 4370 κράτυνον,
520 4310 612 4360 καὶ
636 4310 847 4376 τούτου,
925 4318 1004 4370 Evr
1026 4319 1263 4387 μάλιστα
1281 4326 1555 4396 πατρῴοις
1576 4329 1781 4398 σπλάγ-

197 4408 357 4461 χνοις
412 4402 803 4472 περιεχόμενος
841 4446 854 4470 ,
912 4409 1037 4471 τοὺς
1094 4412 1421 4479 προσῦαλεῖν
1480 4421 1545 4488 τῇ
1587 4419 1779 4491 λογικῇ

198 4483 416 4558 ποίμνῃ
464 4489 799 4560 τολμῶντας,
862 4495 1196 4573 ἀποδιώκῃς,
1247 4508 1357 4568 τοῖς
1386 4515 1780 4578 πνευματικοῖς

1888 4140 2122 4213 spiritali
2156 4138 2368 4192 ratione
2401 4149 2527 4189 cum
2573 4133 2895 4203 angelorum
2941 4128 3228 4185 ordinibus
3253 4128 3463 4187 ducens

1888 4236 2111 4298 choros,
2142 4245 2241 4285 nos
2267 4244 2298 4284 e
2330 4228 2471 4284 ccelo
2498 4226 2756 4291 intueris,
2784 4239 2818 4279 o
2846 4223 3095 4278 divinum
3128 4236 3465 4291 sacrumque

1893 4332 2078 4396 caput,
2133 4339 2198 4377 ac
2230 4320 2586 4377 charismatis
2634 4312 3187 4388 apOstolicum‘lNec
3214 4329 3344 4368 vero
3380 4322 3460 4378 tu,
3530 4358 3533 4361 η

1886 4417 2071 4485 Pater,
2104 4417 2379 4486 interpres
2410 4412 2583 4478 verbi,
2615 4426 2679 4465 ac
2730 4424 3062 4465 arcanorum
3099 4409 3317 4473 doctor,
3352 4424 3459 4474 qua

1892 4508 2240 4570 conﬁrmare,
2271 4519 2380 4576 qua
2425 4503 2594 4557 armis
2644 4502 2883 4565 munire,
2926 4499 3258 4587 neglegeris.
3296 4499 3464 4553 Plane

201 4589 307 4626 σου
335 4576 605 4645 ἀκοντίοις
640 4584 749 4636 τῶν
799 4585 971 4654 λόγων
1005 4606 1097 4644 σου
1130 4608 1143 4623 ο
1180 4595 1254 4656 ὠς
1289 4598 1632 4672 ἀναπτόητον
1660 4603 1779 4658 δια-

1894 4610 2098 4664 autem,
2142 4596 2334 4652 iisdem
2379 4601 2562 4649 tecum
2614 4591 2863 4646 moribus
2909 4576 3114 4656 virum,
3142 4604 3207 4645 ac
3237 4604 3467 4644 succes—

198 4666 363 4739 σώσῃ
393 4670 451 4722 τὺ
489 4675 683 4743 μικρόν
722 4693 813 4728 σου
847 4681 1118 4749 ποίμνιον,
1145 4686 1283 4756 ὅπερ
1318 4689 1484 4754 αὐτὸς
1514 4666 1774 4764 έθρεψαςυ

198 4758 376 4826 ἱερεῖς
412 4780 471 4814 τε
528 4765 858 4836 ἱερατικους,
926 4774 1021 4826 καὶ
1076 4775 1168 4828 τὸν
1231 4758 1594 4852 φιλόχριστον-
1631 4758 1780 4858 λαὸν,

195 4852 325 4912 τοῖς
375 4853 511 4916 ζῶσί
541 4873 600 4908 τε
636 4860 729 4913 καὶ⁹
790 4863 1046 4932 ἀψευδέσι
1074 4868 1176 4936 τῆς
1208 4871 1493 4938 εὐσεϐείας
1522 4852 1780 4949 δόγμασι,

200 4942 305 4994 καὶ
324 4945 386 5013 τῇ
404 4945 513 4998 τῶν
533 4964 589 4999 τε
597 4952 862 5018 ραστείων
886 4955 1266 5030 μεγαλειότητι
1280 4963 1779 5039 ὲπιρῤωννύμενον,

206 5027 291 5128 μὴ
320 5028 640 5128 ἀποκάμῃς,
665 5033 991 5095 θεόπνευστε
1022 5060 1037 5075 ο
1079 5047 1173 5100 καὶ
1198 5027 1454 5106 ⁷τοσοῦτόν
1487 5027 1611 5109 ὅσον
1642 5027 1782 5128 μᾶλλ

1893 4707 2072 4748 sorem
2106 4698 2213 4743 tuae
2240 4688 2389 4741 illius
2426 4680 3301 4755 sacrm‘eonversationisalonge
3338 4681 3466 4750 qui:

1893 4784 2017 4838 dem
2051 4796 2082 4835 a
2107 4779 2217 4835 tuis
2244 4782 2511 4832 remotum
2545 4772 2913 4842 temporibus,
2945 4771 3043 4825 tibi
3087 4778 3270 4825 tamen
3307 4773 3465 4826 caui-

1893 4878 1965 4931 tie
2012 4875 2372 4945 proximum:
2430 4866 2660 4935 ejusque
2710 4864 3068 4945 nihilominus
3112 4864 3256 4919 lilios
3286 4904 3301 4929 ,
3339 4871 3473 4949 tuos

1894 4976 2074 5022 autem
2124 4967 2372 5032 nepotes,
2442 4956 2814 5021 roboraveris,
2866 4955 3143 5038 verboque
3199 4954 3455 5009 veritatis

1891 5062 2335 5125 circumquaque
2371 5049 2679 5106 munieris:
2736 5062 2799 5101 ac
2831 5062 2928 5102 eos
2971 5048 3064 5117 qui
3115 5046 3260 5115 ejus,
3296 5058 3485 5125 quem'

198 5120 317 5222 λον.
356 5120 931 5222 ἄρτι-καθαρώτερον
980 5135 1220 5203 ὲγγίζεις
1292 5141 1435 5214 Θεῷ,
1489 5120 1779 5206 κάντεῦθεν

1896 5120 2168 5222 praecipue
2195 5120 2443 5215 paternis
2476 5140 2787 5212 visceribus
2826 5140 3233 5209 complecteris,
3281 5141 3464 5194 ratio-

205 5210 380 5263 πλέον
410 5215 474 5283 τῇ
506 5214 809 5289 λαμπηδόνι
867 5210 1421 5301 καταστραπτόμενος
1466 5236 1577 5291 τῶν
1617 5224 1786 5308 φωτι-

283 5373 316 5415 ιι
356 5374 555 5447 Ephes.
588 5395 661 5447 tv,
692 5380 793 5437 26.

1897 5244 2077 5299 nalem
2151 5252 2372 5309 gregem
2441 5235 2717 5292 temerarii
2758 5233 3049 5299 invadunt,
3105 5231 3471 5304 'Spiritalibus.

1443 5461 1829 5525 COMBEFISII
1866 5466 2099 5525 NOTAE.

286 5560 403 5628 (70)
449 5560 643 5645 Portus
675 5565 980 5645 Αηᾴνὶαιω.
1016 5568 1219 5645 Na_vale
1239 5554 1687 5645 estMyrazorum,
1726 5591 1779 5637 ul

1891 5582 2034 5636 δούς.
2075 5578 2225 5632 Datis
2259 5561 2423 5631 lribus
2463 5577 2638 5631 aureis
2673 5566 3041 5632 arrhalwuem.

200 5632 383 5686 etiam
411 5633 554 5753 apud
588 5632 1007 5704 Metapliraslem
1034 5640 1141 5704 ;,dc
1173 5657 1282 5710 quo
1320 5632 1642 5709 Oriel.,etc.

289 5699 407 5766 (71)
491 5712 724 5756 acturam
758 5708 893 5760 velut
919 5709 1282 5766 obstrinxeris.
1318 5713 1429 5766 Τῆς
1452 5716 1580 5766 νηὸς
1621 5735 1642 5766 ν

289 5718 305 5757 ι

491 5712 724 5786 acturum
758 5708 1282 5786 velutobstrinxeris.
1318 5713 1429 5786 Τῆς
1452 5708 1580 5786 νηὸς
1621 5735 1785 5773 κατα-

1896 5679 1905 5683 -
1966 5652 2079 5720 (72)
2112 5648 2392 5717 Theognio.
2481 5646 2655 5721 Habgn
2700 5646 3115 5721 Metapltra‘stes,
3152 5649 3485 5721 complures

1894 5716 1980 5775 ab
2021 5716 2086 5773 eo
2136 5716 2469 5783 conversos;
2526 5717 2618 5772 scd
2654 5716 2863 5772 nullum
2906 5716 3071 5772 refert
3110 5734 3173 5771 ex
3220 5716 3458 5774 nomine.

210 5771 480 5858 Ξξλυκας.
526 5771 701 5858 νςίυι.
729 5778 1069 5858 arrhabonis
1107 5783 1225 5858 loco
1252 5771 1674 5858 solveits,'q'uod
1710 5771 1785 5843 ait
1896 5771 2341 5844 innuit—Andreas
2372 5771 2743 5857 'l‘licogottittltt
2781 5790 2946 5843 istum
2988 5790 3330 5858 postmodum
3367 5805 3461 5843 ce-
3493 5792 3496 5797 ’

208 5840 491 5908 Metaphr.
528 5862 538 5896 :
572 5844 731 5912 Τρεῖς
761 5847 905 5913 αύτῷ
976 5850 1111 5917 me;
1200 5840 1489 5920 ἀρραϐῶνα

1558 5860 1787 5925 χρυσοῦς

1896 5863 2099 5917 lcbrem
2136 5862 2425 5915 sanctitate
2473 5860 2693 5931 vixisse.
