4176 6448
171 448 317 513 1205

1470 443 1553 506 IN
1602 442 1660 504 S.
1702 441 2125 506 PATAPIUM.

3305 427 3443 497 1206

172 554 381 617 Ῥόδων
407 561 466 617 δὲ
498 561 689 627 κάλυξι
749 564 842 618 καὶ
874 563 1067 636 μύροις
1106 562 1353 628 εὐώδεσι,
1382 562 1496 625 τοῖς
1530 559 1695 614 αὐτοῦ
1730 566 1731 573 ‘

1858 558 1991 610 nihil
2040 553 2413 611 miserabilius
2457 552 2551 608 sit.
2596 549 2767 614 Magis
2820 562 2956 602 vero
3017 562 3117 603 ceu
3181 559 3438 601 rosarum

158 654 429 725 ἀλλήλοις
461 654 1028 727 ἔργοιςροδήσαντες,
1064 656 1461 725 πνευματικοῖς
1494 652 1757 725 ᾀσμάτων

156 748 361 801 ἄνθεσι
386 748 478 801 τὸν
508 749 655 802 ὅσιον
688 746 1144 819 στεφανώσωμεν.
1178 746 1453 810 Τοιούτοις
1484 744 1756 817 θεραπεύ-

156 838 331 891 εσθαι
366 838 564 909 μύροις
586 838 731 906 φιλεῖ
760 838 788 891 ό
815 837 1085 909 ἡμέτερος
1129 838 1433 908 ίεροπάτωρ
1458 835 1752 899 Νικόλαος.

154 926 460 991 Τοιαύταις
486 929 704 999 ἑορταῖς
727 928 821 981 καὶ
864 928 1208 999 πανηγύρεσι
1243 926 1529 980 σπένδεται
1566 926 1750 990 πλέον,

152 1019 190 1089 ἢ
242 1022 361 1083 τοῖς
408 1025 707 1091 πομπικοῑς
761 1020 1023 1091 πόμποις,
1061 1013 1144 1082 οἷς
1186 1021 1235 1072 οἱ
1288 1019 1605 1090 δημοτελεῖς
1643 1019 1752 1071 τῶν

165 1109 447 1179 Ἑλλήνων
471 1110 865 1181 κακοδαίμονες
885 1110 1187 1182 τιμώμενοι
1221 1108 1536 1179 γάννυνται.
1572 1108 1683 1162 Καὶ
1716 1111 1749 1181 ἡ

148 1200 362 1271 τρισσὴ
388 1202 499 1254 τῶν
548 1202 948 1270 γενναιοτάτων
995 1202 1249 1273 ἀθλητῶν
1271 1200 1623 1273 ὁμοφροσύνη
1658 1202 1749 1255 καὶ

152 1289 459 1359 σύμπνοια,
508 1285 590 1355 οἷς
616 1290 982 1362 συναγελάζῃ,
1017 1291 1279 1357 Νικόλαε,
1322 1294 1443 1354 ταῖς
1469 1292 1582 1345 άνω
1623 1308 1747 1344 συν-

146 1382 413 1447 αυλίαις,
473 1378 555 1447 οἷς
612 1384 1056 1454 συνεκλάμπεις,
1106 1384 1228 1455 μεθ’
1282 1378 1357 1438 ὧν
1394 1385 1641 1459 χορεύεις
1686 1386 1745 1439 ὲν

148 1475 457 1547 πνεύματι,
504 1475 638 1529 Θεὸν
696 1474 823 1528 ὅσον
873 1475 1095 1544 ἐφικτὸν
1138 1476 1281 1546 ὁρῶν
1311 1477 1404 1530 καὶ
1443 1476 1741 1547 ὁρώμενος,

150 1567 281 1628 ταῖς
312 1566 440 1637 περὶ
474 1565 637 1619 αὑτοῦ
671 1564 923 1633 άγλαῖζει
957 1567 1332 1637 λαμπρότησι.
1372 1568 1591 1622 Τούτων
1629 1586 1741 1621 τοι-

149 1655 364 1725 γαροῦν
394 1660 515 1721 ταῖς
566 1658 702 1728 πρὸς
747 1658 808 1711 τὸ
834 1657 978 1711 θεῖον
998 1657 1304 1725 ἐντεύξεσι,
1334 1660 1429 1713 καὶ
1448 1662 1566 1723 ταῖς
1597 1662 1739 1723 σαῖς,

148 1742 200 1800 ὧ
225 1749 429 1820 Πάτερ.
458 1748 758 1812 θεοδέκτοις
788 1751 1059 1821 δεήσεσιν,
1086 1752 1373 1822 αἱρετικῆς
1407 1752 1626 1824 ἁπάσης
1648 1753 1739 1807 καὶ

148 1841 481 1911 δαιμονικῆς
539 1841 911 1913 ὲπιφρίξεως·
967 1844 1254 1912 μαστίγων
1302 1860 1361 1897 τε
1414 1828 1734 1912 νοσοποὶὦν,

1861 650 2155 712 calieulis,
2210 647 2618 717 unguentisque
2699 640 3172 703 suaveolentibus,
3230 638 3445 692 mutuis

1860 743 2094 797 invicem
2169 740 2433 810 cperibus
2486 753 2643 794 rosas
2694 736 3021 800 referentes,
3092 732 3443 804 spiritalibus

1856 835 2204 888 canticorum
2234 832 2487 897 ﬂoribus,
2525 839 2778 886 sanctum
2812 840 3160 883 coronemus.
3210 823 3438 879 Talibus

1856 924 2151 994 unguentis
2179 924 2381 994 gaudet
2434 921 2609 976 foveri
2666 936 2824 976 sacer
2856 918 3019 973 Pater
3054 926 3242 974 noster
3267 914 3436 971 Nico-

1854 1018 1998 1072 laus.
2065 1016 2299 1071 Talibus
2348 1016 2525 1085 magis
2580 1015 2914 1069 conciliatur
2938 1012 3096 1068 festis
3122 1009 3437 1065 honoribus

1852 1111 2402 1179 celebritatibusque,
2451 1123 2617 1180 quam
2670 1107 2966 1162 mundanis
2995 1113 3052 1162 et
3080 1105 3224 1160 fastu
3257 1102 3434 1174 plenis

1854 1202 2087 1272 pompis,
2115 1201 2319 1270 quibus
2352 1200 2572 1269 publico
2606 1208 2831 1267 sumptu
2858 1197 3114 1253 honorati
3144 1194 3432 1265 gentilium

1851 1292 1978 1345 mali
2014 1291 2293 1345 daemones
2350 1290 2585 1360 superbe
2642 1289 2974 1360 gloriantur.
3016 1287 3237 1357 Triplex
3288 1299 3432 1356 quo-

1850 1398 1955 1454 que
1978 1383 2443 1437 nobilissimorum
2474 1406 2489 1413 ~
2509 1383 2753 1452 pugilum
2786 1384 2904 1435 laeta
2954 1393 3298 1448 concorsque
3343 1393 3433 1432 so—

1847 1474 2070 1539 dalitas,
2096 1474 2457 1545 quibuscum,
2485 1471 2728 1540 Nicolae,
2762 1473 3082 1529 cmlestibus
3127 1468 3427 1525 domiciliis

1846 1566 2112 1620 collectus
2134 1553 2396 1631 versaris,
2429 1565 2757 1637 quibuscum
2781 1566 3064 1636 splendes,
3095 1564 3430 1636 quibuscum

1845 1656 1901 1711 in
1940 1656 2143 1726 spiritu
2202 1656 2405 1713 choros
2452 1657 2632 1725 ducis,
2684 1655 2856 1713 Deum
2904 1656 3100 1711 videns
3158 1663 3435 1724 quantum

1843 1748 1995 1816 licet,
2027 1756 2193 1819 atque
2220 1750 2377 1806 visus
2410 1750 2479 1805 ab
2513 1764 2603 1814 eo,
2628 1750 2749 1815 ejus
2787 1748 2925 1804 laetis
2954 1745 3210 1819 splendet
3242 1745 3441 1815 fulgo-7

1844 1842 2018 1898 ribus.
2077 1840 2286 1897 Horum
2346 1843 2532 1912 itaque
2568 1841 2635 1896 ad
2685 1842 2856 1896 Deum
2903 1838 3443 1900 intercessionibus,-

148 1931 391 1986 καὶτῶν
434 1933 493 1987 ὲν
543 1932 695 2004 μέσῳ
746 1936 987 1998 πάντων,
1037 1931 1133 1989 καὶ
1165 1929 1246 1999 οἷς
1275 1937 1553 2007 ἀδοκήτως
1585 1938 1731 2009 ἡμᾶς

1841 1932 2084 2001 tuisque,
2147 1948 2180 1987 ο
2212 1931 2395 2000 Pater,
2466 1931 2575 1988 Deo
2629 1933 2870 2003 acceptis
2929 1931 3297 1996 orationibus,
3353 1930 3428 1984 ab

147 2025 576 2095 περιπλέκονται
604 2026 901 2098 ἄνθρωποι,
936 2028 1030 2081 καὶ
1070 2028 1288 2083 πάντων
1313 2028 1449 2100 όμοῦ
1480 2029 1590 2083 τῶν
1613 2048 1730 2084 κιν-

146 2116 327 2171 δύνων
361 2118 690 2189 ρυσθείημεν
730 2120 1005 2183 άπαντες’
1053 2121 1237 2193 χάριτι
1283 2122 1381 2175 καὶ
1423 2124 1731 2193 οὶκτιρμοῖς

150 2208 248 2262 καὶ
271 2209 654 2283 φιλανθρωπίᾳ
682 2211 777 2266 τοῦ
811 2211 1243 2282 ὲξαγοράσαντος
1263 2214 1431 2284 ἡμᾶς,
1464 2213 1541 2285 τῷ
1566 2215 1730 2286 τιμίῳ

144 2302 247 2373 τῆς
280 2302 566 2374 ζωοδώρου
623 2305 858 2376 ..λευρᾶς
903 2304 1070 2358 αύτοῦ
1141 2306 1363 2376 αἵματι,
1401 2309 1495 2360 καὶ
1543 2308 1640 2378 τῆς
1672 2310 1730 2362 ὲν

151 2396 330 2470 πλάνῃ
357 2396 632 2466 βασιλείας
660 2399 808 2468 ἡμᾶς
830 2396 1258 2464 άπαλλάξαντος,
1282 2398 1519 2468 Χριστοῦ
1554 2398 1728 2470 Ἰησοῦ

142 2488 242 2544 τοῦ
300 2491 505 2561 Κυρίου
568 2492 724 2561 ἡμῶν
745 2509 757 2522 ·
787 2492 905 2563 μεθ’
929 2483 991 2544 οὗ
1025 2492 1224 2563 πρέπει
1255 2494 1405 2546 πᾶσα
1431 2493 1585 2566 τιμὴ,
1633 2493 1728 2548 καὶ¹

141 2580 294 2646 δόξα,
330 2582 531 2653 κράτος
566 2586 660 2637 καὶ
694 2586 1158 2656 μεγαλοπρέπεια,
1191 2585 1268 2656 τῷ
1300 2585 1496 2657 Πατρὶ,
1524 2589 1619 2640 καὶ
1647 2586 1727 2657 τῷ

142 2673 290 2744 ἁγίῳ
318 2674 623 2746 Πνεύματι,
656 2676 751 2729 νῦν
798 2678 892 2731 καὶ
940 2678 1048 2743 ἀεὶ,
1084 2678 1178 2732 καὶ
1224 2679 1303 2741 εἰς
1349 2680 1476 2743 τοὺς
1522 2679 1725 2744 αἰῶνας

138 2764 255 2817 ⁶τῶν
285 2765 513 2821 αἰώνων.
560 2768 754 2839 Ἀμήν.

763 3088 981 3141 ΛΟΓΟΣ
1026 3086 1128 3143 lO'.

142 3198 251 3261 Εἰς
270 3197 375 3251 τὸν
392 3197 691 3269 μακάριον
716 3199 1039 3269 Πατὰπιον,
1058 3200 1157 3253 καὶ
1180 3202 1399 3269 μερική
1433 3200 1551 3256 τῶν
1577 3206 1722 3257 adv-'-

538 3267 746 3338 μάτων
785 3268 972 3326 αὑτοῦ
1019 3267 1317 3340 διήγησις.

1840 2027 1991 2081 omni
2051 2026 2310 2081 lueretico
2366 2025 2790 2098 daamonumque
2841 2025 3142 2081 liberemur
3175 2023 3420 2086 aﬂ‘rictu,

1839 2133 1905 2174 ac
1939 2119 2259 2174 morborum
2307 2119 2510 2190 plagis,
2544 2130 2671 2175 dum
2704 2118 3095 2174 conununibus
3121 2117 3230 2172 illis
3278 2132 3341 2171 ae
3366 2118 3435 2171 in.

1838 2211 2023 2266 medio
2046 2211 2194 2267 velut
2222 2212 2441 2282 positis,
2471 2220 2589 2267 tum
2634 2212 2842 2283 quibus
2897 2220 3100 2283 praeter
3133 2226 3285 2282 spem
3324 2212 3421 2265 ho-

1823 2297 2019 2361 ‘mines
2067 2307 2392 2376 implicant,
2456 2306 2830 2377 omnibusque
2888 2305 3054 2361 simul
3103 2304 3413 2375 periculis:

1838 2400 2011 2469 gratia
2063 2408 2118 2453 et
2176 2398 2650 2465 miserationibus,
2726 2400 3103 2469 clementique
3169 2398 3418 2454 bonitate

1837 2488 1957 2559 ejus
2008 2490 2101 2560 qui
2142 2505 2244 2544 nos
2276 2490 2517 2561 pretioso
2549 2490 2756 2546 vivilici
2801 2490 2996 2548 lateris
3030 2490 3114 2547 sui
3145 2489 3418 2562 sanguine

1835 2580 2091 2647 redemit,
2120 2592 2285 2652 atque
2336 2579 2405 2637 ab
2432 2584 2644 2638 erroris
2689 2597 2861 2657 regno
2893 2582 3167 2649 liberavit,
3202 2582 3423 2659 Christi

1831 2671 1963 2731 Jesu
2013 2673 2229 2729 Domini
2286 2675 2462 2731 nostri
2495 2693 2508 2728 :
2541 2691 2707 2747 quem
2767 2676 2932 2732 decet
2992 2678 3174 2732 omnis
3238 2678 3416 2734 honor

1830 2774 1885 2821 et
1918 2766 2118 2837 gloria,
2150 2777 2396 2837 potestas
2420 2774 2473 2822 et
2514 2767 2944 2838 magniﬁcentia,
2984 2785 3109 2824 cum
3145 2768 3308 2824 Patre
3352 2778 3411 2825 et

1828 2868 2022 2913 sancto
2055 2857 2286 2927 Spiritu,
2318 2874 2463 2915 nunc
2509 2867 2566 2917 et
2598 2875 2836 2933 semper,
2867 2870 2925 2918 et
2956 2860 3010 2917 in
3067 2863 3267 2918 saecula
3301 2876 3419 2917 sas-

1828 2950 2102 3008 culorum.
2133 2950 2329 3007 Amen.

2399 3087 2662 3147 ORATIO
2683 3088 2826 3145 XIX.

1834 3198 1902 3255 In
1956 3201 2019 3258 Β.
2052 3200 2346 3272 Patapium
2391 3201 2608 3272 ejusque
2639 3202 3025 3257 miraculorum
3059 3204 3409 3273 particularis

2398 3273 2644 3327 narratio
2683 3273 2821 3345 (75).

228 3377 313 3442 Ὠς
329 3379 591 3452 λαμπρὰν
621 3382 715 3436 καὶ
745 3382 1125 3453 πνευματικὴν
1140 3381 1252 3452 ὁρῶ
1270 3382 1369 3454 τὴν
1386 3384 1719 3455 πανήγυριν,

1898 3386 2074 3454 Quam
2140 3389 2320 3444 laetum
2381 3397 2438 3444 et
2498 3389 2811 3459 spiritalem
2852 3405 3021 3447 cerno
3052 3399 3412 3455 conventum,

142 3471 242 3525 καὶ
269 3471 416 3536 ξένον
479 3475 540 3527 τὸ
593 3474 822 3544 θέατρον
854 3476 1112 3545 σήμερον,
1145 3477 1240 3528 καὶ
1280 3475 1582 3546 θαυμάζειν
1628 3495 1721 3547 μοι

142 3564 323 3617 ἔπεισι
352 3565 451 3636 τὴν
483 3567 754 3635 τοσαύτην
781 3567 978 3637 ὁρῶντι
1028 3567 1362 3636 φαιδρότητα
1380 3585 1392 3597 ·
1430 3568 1549 3631 πῶς
1578 3568 1721 3622 οὕτω

141 3656 521 3727 γεπροθύμως
583 3661 673 3713 καὶ
726 3660 869 3713 κατὰ
924 3661 1141 3721 ταύτὸν,
1200 3660 1346 3713 ᾶπαν
1377 3654 1517 3724 εἶδος
1561 3662 1719 3728 ἀξίας

145 3747 499 3819 συνέδραμεν.
532 3749 827 3820 Κληρικῶν
846 3749 954 3821 γάρ
972 3751 1020 3802 οἱ
1042 3750 1284 3818 λογάδες,
1306 3752 1399 3803 καὶ
1433 3754 1718 3820 μοναστῶν

139 3839 213 3891 τά
239 3841 581 3910 συστήματα,
610 3840 887 3909 γυναικῶν
917 3860 975 3895 τε
1005 3844 1129 3895 ὅσον
1177 3843 1376 3911 σεμνόν
1404 3861 1459 3896 τε
1493 3846 1588 3897 καὶ
1629 3845 1721 3898 εύ-

145 3945 338 3999 σημον,
392 3935 487 3985 καὶ
548 3934 789 4003 μιγάδων
829 3936 878 3987 οἱ
927 3934 1381 4005 σωφρονέστεροι,
1440 3930 1720 4007 τδνίίερὸν

139 4024 350 4075 τουτονὶ
405 4025 804 4088 καταλαὸόντες
840 4025 997 4089 νεὼν,
1042 4027 1241 4101 ἑορτὴν
1276 4027 1439 4096 ὁμόσε
1485 4030 1720 4101 φαιδρὰν

143 4112 424 4181 ἑορτάζειν
479 4115 927 4186 προστρέχουσιν.
971 4116 1113 4168 Ἀλλ’
1152 4112 1213 4171 οὗ
1254 4136 1315 4187 γε
1346 4120 1530 4189 χάριν,
1564 4124 1717 4174 τουτὶ

136 4203 203 4255 τὸ
228 4202 430 4273 πλῆθος
460 4204 642 4257 ἐνθάδε
684 4206 1049 4271 συνείλεκται,
1082 4209 1175 4260 καὶ
1209 4209 1292 4272 τίς
1319 4212 1345 4262 ὁ
1380 4211 1581 4281 τρόπος
1615 4212 1712 4280 τῆς

137 4295 349 4365 ἑορτῆς,
387 4297 725 4367 ὲρωτήσαιεν
762 4297 828 4351 ἂν
876 4297 1005 4361 ἴσως
1049 4300 1160 4353 τῶν
1206 4301 1501 4373 φιλεόρτων
1546 4303 1721 4366 cun-5;:

137 4382 235 4450 Οἷς
263 4389 359 4441 οὐκ
390 4392 469 4451 είς
494 4390 710 4459 μακράν
743 4392 771 4443 ό
801 4391 953 4459 λόγος
977 4395 1044 4463 τῇ
1079 4393 1271 4447 πεύσει
1304 4413 1709 4469 συμπαρομαρ-

134 4480 333 4534 τούσαν
361 4482 659 4558 ἐφάμιλλον
704 4483 799 4555 τὴν
822 4484 1013 4553 λύσιν,
1047 4489 1126 4551 είς
1168 4487 1327 4559 δεῦρο
1358 4491 1452 4543 καὶ
1480 4490 1573 4544 νῦν
1610 4491 1708 4567 ἐπ-

134 4572 434 4641 ενέγκοιτο.

1826 3493 2137 3550 novumque
2183 3480 2447 3535 hodierna
2502 3480 2591 3535 die
2620 3482 2997 3551 spectaculum
3056 3500 3069 3536 :
3130 3483 3393 3552 subitque

1827 3572 2018 3625 mirari
2050 3579 2162 3626 tam
2189 3572 2367 3627 laetam
2411 3576 2704 3645 aspicienti
2744 3590 2929 3631 rerum
2968 3574 3188 3638 faciem,
3224 3584 3283 3629 ιιι
3315 3575 3404 3629 di-

1826 3664 2009 3733 gnitas
2039 3667 2222 3720 omnis
2248 3672 2301 3720 et
2332 3665 2469 3720 ordo
2509 3675 2663 3722 tanta
2714 3668 3010 3724 alacritate
3038 3668 3403 3738 certatimque

1828 3756 1882 3810 in
1918 3772 2083 3811 unum
2144 3756 2510 3813 concurrerit.
2576 3757 2786 3815 Etenim
2844 3759 3414 3821 nobilioreseclero,

1820 3851 2331 3921 monachorumque
2382 3864 2600 3919 turmas,
2667 3868 2730 3909 ac
2762 3853 2809 3909 si
2831 3869 2955 3924 quas
3002 3853 3265 3909 mulieres
3307 3839 3411 3907 lio-

1819 3951 1987 3995 nestze
2029 3952 2159 3998 sunt
2200 3956 2254 3999 et
2282 3945 2464 4012 clarae,
2531 3947 2977 4017 promiscuaeque
3030 3945 3417 4001 multitudinis.

1819 4034 2105 4103 probiores
2133 4037 2345 4107 populi,
2384 4038 2438 4092 in
2476 4053 2697 4094 sacrum
2733 4038 2836 4093 hoc
2873 4037 3139 4107 templum
3172 4038 3401 4092 venien-

1820 4131 1923 4186 tes,
1970 4124 2146 4178 betam
2198 4128 2587 4185 communibus
2639 4128 2841 4185 studiis
2872 4128 3279 4185 solemnitatem
3307 4143 3400 4182 ce-

1821 4214 2086 4270 lebraturi
2131 4227 2452 4273 accurrunt.
2482 4219 2620 4275 Fors
2653 4236 2783 4275 vero
2820 4235 2927 4276 non
2959 4219 3239 4276 defuerint
3271 4218 3398 4277 festi

1821 4315 2092 4367 amantes.
2134 4308 2225 4378 qui
2265 4320 2513 4379 quaerant
2568 4311 2855 4381 cujusnam
2904 4312 3080 4382 gratia
3144 4311 3233 4365 hic
3290 4311 3397 4366 luci

1819 4398 2048 4452 collecta
2090 4400 2183 4452 'sit
2219 4407 2370 4454 tanta
2420 4402 2534 4457 huic
2585 4402 2907 4467 multitudo,
2954 4417 3021 4457 ac
3077 4402 3392 4471 cujnsmodi

1817 4489 2115 4545 celebritas
2173 4492 2264 4545 sit.
2299 4491 2534 4558 Quibus,
2566 4496 2817 4561 proxime
2869 4495 3128 4550 comitem
3161 4508 3403 4564 percon-

1818 4582 2009 4636 tationi
2069 4584 2319 4637 :cmulam
2383 4588 2829 4657 responsionem,
2876 4578 3401 4658 itnprzesentiaruui

1733 4684 1781 4741 ι)
1812 4689 1998 4727 sermo
2032 4677 2303 4734 intulerit.

1445 4843 1677 4899 VARle
1706 4844 2103 4905 LECTIONES.

201 4926 221 4955 '
243 4924 439 4977 αὐτῶν.

1452 5088 1838 5146 COMBEFISII
1878 5093 2108 5149 NOTAE.

203 5165 309 5247 (73)
340 5166 434 5247 Est
462 5172 639 5247 sancti
673 5172 865 5247 hujus.
917 5176 1206 5247 utriusque
1248 5178 1510 5234 Ecclesiae
1544 5183 1703 5235 tabu-

128 5238 220 5319 lis.
250 5239 310 5319 ad
339 5238 652 5319 8_Decemb.
682 5238 998 5314 consignata
1041 5238 1333 5319 memoria;
1358 5267 1521 5319 quem
1553 5254 1700 5307 circa

127 5310 245 5382 ipsa
276 5307 502 5363 Andreae
534 5318 802 5382 tempora,
843 5307 937 5368 aut
968 5332 1074 5369 non
1124 5318 1195 5370 ita
1231 5307 1527 5382 seniorem,
1588 5325 1699 5375 col-

127 5378 342 5453 ligimus
366 5395 432 5453 ex
460 5378 791 5453 re_velaiione
839 5401 947 5453 qua
1008 5386 1110 5440 fuit
1163 5388 1419 5443 inductus
1459 5378 1525 5445 ad
1568 5409 1699 5445 ιὀιι-

127 5447 413 5527 scrillenda
480 5450 599 5527 ejus
646 5453 803 5518 Acta,
835 5447 898 5508 a1:
937 5457 1100 5511 modo
1145 5473 1254 5526 quo
1304 5472 1523 5514 enarrat
1568 5479 1699 5516 cou-

128 5519 435 5597 scripsisse,
497 5523 659 5597 velut
689 5526 893 5597 recenti
927 5527 1105 5579 adhuc
1138 5519 1239 5581 viri
1272 5532 1569 5592 memoria;
1614 5533 1697 5586 ui-

128 5595 325 5666 nnrum
366 5606 555 5666 eorum
588 5595 759 5647 relatu
789 5596 883 5664 qui
907 5597 1525 5666 videanturconvixissc
1556 5602 1695 5657 Con-

94 5706 97 5709 ,
129 5658 522 5736 stantinopoli,
540 5678 654 5736 quo,
676 5668 722 5718 is
746 5658 871 5727 sibi,
898 5666 967 5719 ab
987 5661 1207 5736 Aigypti
1232 5669 1550 5729 solitudine.
1582 5688 1694 5725 me-

129 5726 582 5807 diaurbe'regia',
614 5735 878 5807 singulari
900 5726 1151 5805 exemplo
1194 5726 1547 5794 solitudinem
1583 5742 1693 5795 de-

132 5799 365 5864 legisset.
401 5799 490 5853 διε
528 5802 636 5879 Deo
668 5799 985 5879 inistitttente
1017 5799 1077 5879 at:
1105 5821 1475 5875 pet-movente,
1504 5828 1609 5879 qua
1636 5821 1695 5867 ut

90 5932 95 5935 _
132 5881 591 5941 tmvuspulronus
624 5875 841 5945 hospitii
879 5879 998 5947 jute
1028 5876 1501 5949 Constantintqiolt
1524 5875 1691 5937 tut-du-

1808 5194 1911 5257 ret,
1961 5201 2068 5253 qua
2128 5195 2187 5239 ut
2252 5195 2457 5241 tantam
2518 5188 2821 5253 civitatem,
2860 5205 2967 5243 nou
3013 5191 3384 5257 sermonibus.

1804 5254 1900 5309 sed
1944 5257 2162 5325 egregio
2214 5258 2333 5311 vitae
2362 5262 2616 5332 exemplo
2691 5260 2757 5332 ad
2800 5260 3055 5327 pietatem
3094 5254 3393 5332 moresque

1804 5335 2439 5397 sanctoscmnponeret:
2498 5326 2643 5383 velut
2699 5326 2811 5383 fere
2868 5340 3056 5397 postea
3114 5326 3390 5387 Romaein

1805 5393 2029 5461 Brigitta
2049 5404 2102 5449 et
2119 5393 2414 5471 Qatltarina
2443 5398 2659 5460 Sueeis,
2699 5393 3140 5471 matreiﬁliaque.
3167 5411 3387 5471 gestum

1802 5476 1925 5538 est:
1964 5474 2116 5518 utne
2145 5467 2478 5521 (leiioveiam
2530 5476 2804 5532 nostram,
2853 5467 3102 5538 aliosque
3126 5467 3383 5536 id'genus

1804 5534 2007 5598 dicam,
2036 5551 2270 5603 quorum
2317 5538 2460 5590 Deu’s
2513 5539 2848 5602 humilitate,
2880 5534 3171 5593 curialium
3208 5534 3381 5595 homi—

1806 5620 1935 5656 num
1970 5607 2203 5674 castigat
2225 5607 2573 5675 jactantiam,
2604 5618 2821 5663 austera
2852 5611 2962 5662 vita
2991 5608 3216 5662 damnat
3246 5610 3382 5665 deli-

1804 5675 1956 5738 cias;
1999 5676 2258 5743 ipsosque
2312 5677 2626 5732 sacerdotes
2686 5688 2740 5731 et
2782 5678 3013 5742 clerum,
3054 5680 3223 5734 tantis
3270 5682 3381 5738 illis

1804 5744 2131 5819 lulgoribus,
2160 5747 2347 5815 largus
2372 5749 2509 5815 ipse,
2544 5750 2635 5803 ubi
2670 5759 2861 5801 natura
2880 5748 3167 5803 videantur
3192 5766 3378 5819 parca.

1803 5814 1867 5865 ad
1920 5817 2171 5878 mclima,
2204 5814 2355 5869 mutu
2396 5814 2865 5889 inmtnt'rabiliqttc
2914 5814 3215 5891 praeconio,
3255 5835 3383 5891 pro-

1806 5894 1978 5942 wcat.
