4176 6448
822 363 954 428 me:

1998 374 2059 434 S.
2098 373 2425 435 ANDREIE
2463 375 2885 440 CRETENSIS

3994 390 4109 454 me

885 472 1123 529 Sanctus
1174 472 1435 546 Patapius
1506 488 1611 542 est,
1678 481 1840 550 cujus
1902 484 2223 538 memoriam
2279 486 2368 539 ho-

2554 491 2833 553 Πατάπιος
2874 472 3098 559 δὸσιος,
3159 492 3219 549 οὗ
3273 500 3375 569 τὴν
3416 502 3648 571 μνήμην
3690 503 4090 573 γεραίροντες.

811 578 944 616 nore
975 575 1402 633 prosequentes,
1438 568 1649 623 huncce
1684 570 2012 625 hodiernum
2047 583 2380 628 conventum

808 656 1047 722 agimus.
1079 656 1200 726 lpse
1239 666 1343 721 est,
1395 659 1488 726 qui
1526 675 1717 715 omnes
1754 661 1940 722 hodie.
1989 665 2210 718 sublimi
2244 680 2383 734 quo-

808 748 933 800 dam
960 749 1242 817 przeconio
1296 749 1403 805 huc
1441 754 1771 806 convocavit
1798 772 1811 819 ;
1838 755 2085 824 seipsum
2126 756 2377 825 quidem,

805 837 957 891 velut
1002 839 1353 906 splendidum
1394 843 1543 895 omni
1576 843 1777 911 dapum
1817 848 2378 915 genere'instructum

806 930 1121 984 convivium
1143 946 1204 986 ac
1222 948 1470 987 mensam
1491 936 1774 988 cmlestem
1796 952 2109 1004 proponens
2128 956 2141 991 :
2163 956 2377 995 sacram

804 1035 935 1073 vero
966 1022 1048 1074 sui
1097 1024 1443 1087 memoriam,
1485 1024 1758 1077 esculenli
1812 1025 1988 1078 instar
2015 1041 2078 1079 ac
2106 1028 2379 1095 spiritalis

803 1107 1141 1162 condimenti
1187 1110 1332 1175 loco,
1371 1109 1661 1178 proferens
1690 1129 1708 1184 τ.
1750 1114 1838 1165 cui
1872 1128 1991 1175 vos,
2023 1113 2235 1179 dilecti,
2267 1131 2379 1169 lllO-

802 1211 918 1250 rem
949 1207 1223 1265 gerentes,
1278 1200 1418 1253 bene
1464 1203 1624 1269 plane
1669 1212 1919 1270 agentes,
1958 1204 2081 1258 loco
2118 1205 2221 1260 hoc
2258 1209 2375 1260 col—

802 1288 927 1341 lecti
961 1290 1117 1345 estis.
1151 1292 1362 1361 Quippe
1385 1308 1507 1347 eam
1536 1294 1933 1364 sapientissimi
1965 1298 2124 1353 Pauli
2160 1314 2374 1365 vocem,

801 1377 877 1429 ita
912 1380 1329 1449 prtecipientis:
1373 1402 1391 1434 ι
1434 1381 1671 1438 Obedite
1706 1387 2020 1454 praepositis
2051 1390 2278 1453 vestris,
2322 1397 2377 1443 et

799 1466 1082 1536 suhjacete
1133 1472 1214 1524 eis
1249 1473 1295 1532 Β,
1358 1491 1375 1521 ι
1429 1480 1539 1527 et:
1580 1492 1597 1523 ι
1661 1473 1987 1533 Mementote
2047 1480 2376 1549 praeposito-

798 1572 921 1609 rum
951 1568 1257 1613 veStrorum
1287 1561 1337 1622 ιι,
1380 1580 1397 1611 ι
1440 1577 1504 1614 ae
1539 1562 1587 1615 si
1630 1564 1760 1630 quid
1799 1566 1869 1619 ab
1900 1567 1969 1621 iis
2004 1575 2225 1637 pendet,
2262 1587 2375 1625 me-

795 1648 976 1700 moria
1032 1652 1363 1715 retinentes,
1421 1652 1657 1720 ejusque
1705 1655 2020 1711 absolutum
2066 1661 2371 1729 prmmium,

797 1737 1175 1794 obedientium
1225 1742 1485 1795 virtutem
1528 1742 1892 1811 :estimantes,
1952 1748 2207 1820 impigre,
2263 1768 2373 1806 una

796 1844 923 1883 cum
956 1843 1187 1888 vocante
1222 1835 1476 1890 venistis.

866 1924 1003 1978 Cum
1062 1943 1229 1998 porro
1279 1933 1392 1986 hzcc
1442 1934 1514 1987 ita
1568 1935 1831 2000 habeant,
1898 1938 2102 1999 venite,
2151 1938 2369 2007 virique

796 2019 1131 2084 encomium,
1164 2038 1227 2077 ac
1260 2025 1385 2079 vita:
1419 2026 1542 2096 ejus
1565 2037 1619 2083 et
1647 2030 2091 2085 conversationis
2122 2032 2368 2088 audituri

795 2106 1112 2178 historiam,
1181 2113 1321 2171 bene
1378 2120 1527 2174 suasi
1584 2119 1888 2191 facilesque
1950 2123 2161 2178 adeste.
2237 2123 2368 2179 Mihi

794 2210 965 2265 certe,
998 2211 1059 2257 ut
1102 2220 1264 2261 sacro
1306 2209 1429 2265 viro
1482 2223 1751 2283 quantam
1797 2215 2041 2273 facultas
2075 2221 2368 2286 permittit.

793 2308 1056 2350 coronam
1100 2297 1393 2367 plectendo
1446 2304 1586 2358 nihil
1631 2306 1865 2361 omnino
1916 2322 2110 2363 eorum
2150 2326 2271 2381 qua:
2301 2311 2370 2366 ad

792 2385 918 2452 ejus
971 2399 1224 2457 spectant
1290 2392 1553 2449 virtutem
1616 2397 1845 2454 silentio
1920 2400 2223 2469 involvam,
2279 2419 2370 2459 res

790 2478 956 2546 plane
986 2484 1160 2537 ardua
1188 2494 1295 2552 est,
1322 2493 1490 2557 atque
1520 2489 1575 2543 in
1616 2492 1814 2561 primis
1846 2502 1906 2549 ut
1934 2495 2098 2551 vobis
2126 2495 2251 2552 festi
2282 2514 2370 2553 sa-

791 2582 1203 2640 cramentorum
1262 2578 1638 2649 auditoribus,
1692 2593 1801 2638 tam
1848 2587 2141 2656 magnifice
2186 2588 2367 2643 laetum

792 2672 1128 2719 conventum
1161 2668 1461 2737 instruam,
1511 2672 1817 2746 ingensque
1843 2676 2107 2746 gaudium
2150 2693 2250 2748 pro
2281 2694 2372 2734 so-

792 2755 995 2813 lemnis
1035 2759 1144 2813 diei
1189 2763 1405 2817 ratione
1436 2765 1660 2820 faciam.

863 2848 1000 2915 Quis
1028 2865 1158 2921 ergo
1202 2861 1257 2906 et
1288 2854 1469 2923 qualis
1520 2864 1606 2911 est
1641 2857 1824 2913 dictus
1857 2858 2144 2930 Patapius,
2185 2860 2275 2915 cui
2319 2870 2372 2915 et

789 2958 891 2998 nos
922 2945 1305 2998 exornativum
1341 2962 1655 3003 sermonem
1710 2948 1977 3007 adhibere
2012 2952 2199 3007 studio
2241 2954 2372 3006 niti—

787 3052 933 3102 mur,
973 3054 1249 3108 quemquc
1295 3056 1394 3095 vos
1442 3041 1806 3106 celebraturi,
1858 3045 2231 3116 obsequentes
2266 3052 2372 3108 huc

786 3130 897 3185 loci
953 3134 1334 3188 convenistis?
1381 3134 1653 3189 Nimirum
1702 3138 1874 3192 eremi
1927 3139 2069 3196 civis
2117 3151 2171 3198 et
2218 3145 2370 3201 orbis

786 3225 1093 3295 inspector,
1161 3227 1393 3297 angelus
1439 3239 1725 3292 terrenus,
1759 3237 1816 3284 et
1860 3231 2110 3289 emlestis
2164 3235 2364 3291 homo:

787 3319 881 3388 qui
917 3328 1125 3374 terram
1189 3330 1247 3374 ut
1285 3321 1486 3374 coelum
1536 3321 1796 3386 incoluit,
1856 3324 2168 3395 cmlumque
2219 3328 2370 3383 velut

783 3418 990 3465 terram
1025 3412 1257 3481 mystice
1285 3412 1481 3482 spiritu
1519 3412 1807 3467 lustravit.
1848 3412 1955 3480 Qui
1992 3417 2200 3470 mundo
2241 3418 2367 3484 hoc,

785 3503 1047 3557 familiari
1077 3504 1366 3559 hominum
1397 3505 1810 3560 consuetudine
1839 3515 2111 3571 uteretur,
2134 3509 2370 3565 interes-

783 3606 981 3666 setque
1010 3596 1336 3653 cmlestibus
1372 3598 1586 3653 choris.
1633 3597 1738 3664 Qui
1771 3607 1921 3654 esset
1948 3601 2179 3656 indutus
2218 3618 2369 3657 mor-

784 3691 892 3745 tale
932 3706 1157 3761 corpus,
1204 3692 1563 3761 rationesque
1614 3691 1953 3761 spiritalium
1987 3694 2205 3750 actione
2237 3710 2369 3751 san-

781 3782 940 3837 ciret.
982 3781 1077 3837 Ille
1115 3783 1263 3836 inter
1306 3783 1611 3837 monachos
1668 3783 1901 3839 ultimus
1946 3799 2013 3839 ac
2063 3787 2367 3843 virtutibus

779 3876 1095 3930 maximus:
1130 3890 1390 3930 sermone
1426 3875 1599 3929 idiota
1632 3890 1697 3929 ac
1739 3876 1918 3940 rudis,
1954 3878 2367 3949 prudentiaque

780 3968 1260 4037 sapientissimus:
1301 3967 1447 4022 velut
1478 3983 1499 4018 ι
1549 3983 1714 4037 quem
1748 3969 1998 4023 omnium
2026 3969 2227 4024 artifex
2260 3970 2364 4024 Sa-

776 4062 1009 4131 pientia,
1065 4061 1349 4117 docuisset
1394 4062 1447 4129 i;
1486 4078 1504 4111 ι
1546 4056 2045 4131 sapientissimus.
2091 4060 2366 4120 Castitate

776 4156 1115 4225 praecipuus.
1167 4154 1335 4208 animi
1383 4153 1687 4209 sobrietate
1741 4154 1997 4223 insignis,
2042 4154 2148 4210 ﬁde
2198 4154 2366 4210 fervi-

776 4248 904 4309 dus,
958 4246 1325 4301 formidabilis
1374 4246 1645 4301 charitate
1687 4263 1701 4299 :
1744 4246 1837 4315 qui
1892 4246 2233 4303 inhabitaret
2265 4263 2360 4303 ur-

774 4338 923 4400 bem,
976 4353 1079 4393 nec
1116 4338 1345 4392 omnino
1382 4353 1412 4392 a
1449 4337 1671 4394 deserto
1722 4340 1964 4394 abesset.
2016 4338 2234 4410 Quippe
2262 4340 2361 4395 ha-

760 4433 941 4486 bebat
970 4432 1122 4485 intus
1165 4432 1353 4485 animo
1389 4430 1849 4485 accensissimum
1903 4430 2240 4501 fervensque
2269 4447 2360 4487 so-

2486 581 2690 651 ταύτην
2723 583 2930 653 ἄγομεν
2954 588 3051 654 τὴν
3078 590 3388 661 πανήγυριν
3407 594 3548 661 σήμε
3560 611 3679 665 ρον.
3720 596 3925 657 Αὐτὸς
3944 598 4101 648 ᾶπαν-

2485 689 2581 735 τας
2607 673 2795 726 ἐνθάδε
2842 675 2937 729 νῦν
2979 680 3334 745 συνεκάλεσε,
3393 684 3515 754 μεθ’
3557 687 3782 755 ὑψηλοῦ
3821 706 3983 749 τινος
4018 706 4099 755 κη-

2487 762 2799 833 ρύγματος”
2844 768 3040 822 ἑαυτὸν
3092 771 3190 837 μὲν
3244 775 3471 842 προθεὶς
3514 778 3658 845 ἡμῖν
3716 777 3938 846 ὥσπερ
3993 781 4095 831 τινὰ

2485 856 2755 927 πολυτελῆ
2812 860 3137 915 πανδαισίαν
3176 866 3271 916 καὶ
3338 866 3594 936 οὐράνιον
3621 869 3947 938 τράπεζαν
3969 888 3983 898 ·
4014 871 4093 933 τὴν

2481 943 2537 995 δὲ
2577 946 2729 1014 ἱερᾶν
2762 948 2928 1000 αὑτοῦ
2979 952 3204 1021 μνήμην
3241 955 3355 1007 ἀντ’
3391 956 3593 1024 ἐδωδῆς
3643 960 3743 1009 καὶ
3797 960 4091 1027 καρυκείας

2482 1040 2860 1108 πνευματικῆς
2878 1042 3341 1113 προϐαλλόμενος,
3362 1040 3406 1112 ᾧ
3420 1048 3775 1113 πεισθέντες,
3794 1052 4085 1117 ἀγαπητοὶ,

2482 1127 2930 1199 συνηθροίσθητε,
2951 1128 3010 1185 εὖ
3038 1151 3101 1201 γε
3133 1137 3227 1188 καὶ
3246 1136 3368 1189 λίαν
3403 1141 3772 1209 ποιήσαντες.
3807 1142 3933 1208 Τῆς
3966 1142 4082 1209 γάρ’

2489 1237 2506 1268 ι
2549 1219 2810 1273 Πείθεσθε
2849 1225 2962 1285 τοῖς
3011 1227 3344 1296 ἡγουμένοις
3396 1230 3553 1299 ὑμῶν
3592 1233 3691 1284 καὶ
3729 1233 4028 1287 ὑπείκετε.
4066 1252 4079 1279 ι

2480 1312 2880 1382 νομοθετούσης
2912 1314 3007 1367 τοῦ
3048 1318 3327 1387 πανσόφου
3363 1322 3580 1374 Παύλου
3613 1322 3829 1391 φωνῆς
3862 1340 3879 1353 ι
3957 1323 4039 1375 καί
4068 1341 4075 1350 ‘

2486 1418 2505 1449 ι
2539 1402 2924 1470 Μνημονεύετε
2971 1405 3080 1458 τῶν
3129 1408 3455 1478 ἡγουμένων
3520 1412 3706 1480 ὑμῶν·
3768 1431 3791 1461 ι
3834 1414 3939 1465 καὶ
3992 1414 4077 1463 ria

2479 1491 2580 1544 ὅσα
2605 1494 2813 1557 τούτοις
2847 1497 3106 1567 ἐπῆρται,
3142 1500 3243 1569 τὴν
3269 1504 3494 1572 μνήμην
3524 1504 3673 1556 κατά
3706 1504 3971 1557 διάνοιαν

2484 1602 2689 1652 ροντες,
2723 1588 2819 1639 καὶ
2844 1588 3049 1641 τέλειον
3075 1592 3281 1657 ταύτης
3313 1588 3498 1654 ἆθλον,
3534 1595 3636 1664 τὴν
3672 1594 3796 1645 τῶν
3836 1594 4074 1661 ὑπηκόων

2478 1675 2680 1746 ἀρετὴν
2764 1677 3103 1749 ὁριζόμενοι,
3188 1683 3403 1747 ἀόκνως
3455 1683 3534 1753 τῷ
3599 1683 3885 1737 καλοῦντι
3974 1699 4071 1732 σιν·

2480 1768 2693 1837 ήλθετε.

2557 1952 2708 2004 Ἐπεὶ
2734 1952 2789 2005 δὲ
2820 1952 2996 2008 ταῦτα
3020 1955 3193 2021 οὕτως
3227 1957 3342 2027 ἔχει
3370 1972 3383 1986 ⁸
3411 1959 3573 2029 δεῦρο
3604 1960 3950 2023 πεισθέντες
3979 1980 4067 2028 μοι.

2470 2041 2532 2095 τὸ
2552 2041 2648 2095 τοῦ
2677 2043 2866 2112 ἀνδρὸς
2897 2045 3175 2117 ἐγκώμιον
3202 2049 3499 2111 ἀκούσατε,
3538 2052 3636 2104 καὶ
3689 2052 3800 2122 τῆς
3830 2052 3961 2105 κατ’
3992 2054 4066 2102 αὶ-

2470 2134 2563 2186 τὸν
2590 2135 2685 2188 τοῦ
2736 2136 2853 2207 βίου
2893 2137 3195 2206 διαγωγῆς,
3244 2141 3587 2211 ὲκφαντικὴν
3638 2144 3751 2213 τὴν
3809 2144 4064 2213 διήγησιν.

2485 2226 2639 2295 Ἐμοὶ
2671 2227 2771 2297 μὲν
2801 2230 2881 2291 εἰς
2908 2229 3137 2300 δύναμιν
3167 2233 3364 2303 ἐκείνῳ
3393 2234 3472 2303 τῷ
3503 2233 3639 2304 ἱερῷ
3672 2236 3777 2287 τὸν
3818 2237 4065 2302 στέφανοι

2473 2317 2749 2380 πλέκοντι,
2775 2320 2860 2371 ἐπ’
2891 2320 3069 2373 οὐδενὶ
3121 2322 3383 2389 καθάπαξ
3411 2322 3519 2375 τῶν
3550 2326 3632 2386 εἰς
3685 2324 3910 2396 ἀρετὴν
3948 2324 4066 2376 ὲκεί-

2472 2425 2563 2462 νου
2590 2409 2877 2463 τεινόντων
2936 2413 3394 2481 παρασιωπῶντι,
3447 2414 3652 2467 πολλοῦ
3701 2433 3769 2483 γε
3810 2417 3913 2468 καὶ
3960 2416 4061 2466 δεῖ·

2473 2500 2601 2571 ὑμῖν
2637 2500 2693 2554 δὲ
2750 2502 2953 2572 μᾶλλον
3002 2504 3119 2567 τοῖς
3164 2506 3273 2558 τῶν
3339 2507 3665 2577 μυστηρίων
3726 2507 3837 2576 τῆς
3896 2506 4065 2577 ἑορτῆς

2472 2593 2799 2663 ἀκροάμοσι,
2843 2596 3081 2665 φαιδρὰν
3116 2598 3196 2660 είς
3244 2600 3372 2651 ὅσον
3438 2600 3940 2663 κατασκευάζοντι
3984 2598 4063 2663 tiri

2474 2688 2801 2757 πανήγυριν,
2836 2689 2935 2741 καὶ
2965 2688 3169 2759 πολλὴν
3195 2690 3335 2758 ἄγαν
3362 2692 3693 2762 ἐμποιοῦντι
3739 2694 3850 2760 τὴν
3882 2692 4065 2759 56:9:-

2475 2777 2617 2833 σίαν.

2551 2872 2648 2934 Τίς
2674 2869 2769 2927 οὖν
2806 2870 2962 2939 οὗτος
2989 2879 3078 2930 καὶ
3105 2880 3257 2940 ποῖος
3290 2877 3320 2929 6
3352 2876 3650 2947 εἰρημένος
3685 2876 4001 2936 Πατάπεος.
4031 2865 4065 2935 εἷ)

2473 2960 2568 3011 καὶ
2599 2962 2759 3030 ἡμεῖς
2783 2965 2909 3027 τοὺς
2942 2966 3052 3019 τῶν
3085 2968 3328 3019 ἐπαίνων
3355 2966 3549 3033 λόγους
3584 2966 3887 3035 προσάζαι
3918 2982 4066 3017 σπου-

2472 3051 2726 3121 δάζομεν,
2768 3056 2863 3107 καὶ
2881 3056 3038 3125 ὑμεῖς
3069 3057 3394 3120 πεισθέντες
3422 3056 3613 3109 ἐνθάδε
3648 3058 4068 3125 πανηγυρξσον-

2473 3159 2563 3205 τες
2591 3144 2797 3212 ἦκατες
2840 3147 2899 3199 ’0
2928 3148 3026 3215 τῆς
3079 3144 3287 3219 ἐρήμου
3319 3148 3570 3218 πολίτης,
3605 3149 3706 3201 καὶ
3755 3148 3867 3216 τῆς
3907 3150 4067 3199 olm.»

2476 3233 2647 3305 μένης
2670 3237 3079 3308 ἐπισκεπτήτης
3111 3239 3197 3270 ³-⁸·
3216 3238 3243 3290 6
3263 3239 3513 3307 ἐπίγειος
3557 3239 3836 3307 ἄγγελος,
3870 3240 3963 3291 καί
3984 3238 4065 3288 οὗ·

2474 3325 2656 3394 ράνιος
2703 3326 3025 3397 ἅνθρωπος·
3065 3332 3093 3382 6
3125 3330 3230 3400 γῆν
3276 3330 3353 3395 ὡς
3391 3330 3624 3400 οὐρανὸν
3678 3333 3951 3398 οἰκήσας,
3987 3329 4067 3378 καὶ

2470 3417 2700 3488 οὐρανὸν
2761 3419 2837 3482 ὡς
2900 3420 3008 3490 γῆν
3057 3422 3341 3490 μυστικῶς
3384 3423 3768 3494 περιπολέσας
3801 3423 3886 3491 τῷ
3916 3422 4065 3472 πνεύ-

2474 3524 2639 3577 ματι·
2670 3509 2699 3561 6
2731 3510 2882 3564 κάτω
2930 3513 3244 3583 ἀνθρώποις
3295 3515 3629 3585 συνομιλῶν,
3670 3516 3771 3568 καὶ
3812 3519 3938 3577 ταῖς
3968 3516 4066 3567 ἄνω

2469 3603 2853 3670 χοροστασίαις
2886 3605 3342 3677 συναυλιζόμενος
3364 3624 3378 3638 ·
3408 3610 3435 3661 6
3467 3608 3628 3677 σῶμα
3662 3607 3882 3678 θνητὸν
3923 3625 4060 3676 7:59:-

2469 3695 2744 3765 κείμενος,
2798 3698 2895 3750 καὶ
2945 3699 3057 3751 τῶν
3121 3701 3513 3771 πνευματικῶν
3579 3702 3716 3764 τοὺς
3776 3703 3948 3771 ὄρους
4004 3706 4058 3769 τῆ

2468 3785 2664 3857 πράξει
2712 3789 3073 3860 πιστούμενος
3106 3808 3119 3821 ·
3167 3792 3196 3844 6
3243 3792 3469 3862 ἔσχατος
3513 3796 3573 3846 ὲν
3619 3796 3934 3864 ἀσηταῖςν
3980 3797 4058 3845 καὶ

2470 3880 2729 3949 μέγιστος
2760 3880 2819 3932 ὲν
2847 3882 3069 3951 ἀρεταῖς
3095 3898 3108 3912 ·
3145 3885 3174 3936 6
3232 3884 3451 3955 ἰδιώτης
3484 3884 3563 3954 τῷ
3605 3885 3785 3956 λόγῳ,
3820 3890 3920 3941 καὶ
3946 3889 4056 3939 πάν.

2468 3993 2632 4045 σοφος
2664 3980 2730 4048 τῇ
2765 3982 3051 4050 φρονήσει.
3077 3999 3095 4031 ι
3150 3982 3213 4034 ’11
3246 3983 3378 4052 γὰρ,
3416 3984 3636 4037 πάντων
3688 3988 3941 4055 τεχνῖτις
3966 3988 4053 4037 ἐεί-

2464 4070 2664 4124 δασκεν
2689 4071 2852 4125 αὑτὸν
2882 4074 3075 4141 Σοφία.
3116 4093 3135 4127 ι
3188 4074 3247 4129 Ὀ
3270 4077 3327 4128 ἐν
3355 4077 3550 4147 ἁγνεία
3575 4077 3758 4141 πολύς
3780 4097 3795 4109 ·
3830 4082 3859 4133 ὁ
3886 4082 3943 4131 ἐν
3965 4096 4052 4131 τω-

2467 4164 3025 4240 φρονήσειρπίσημος
3045 4182 3059 4197 ⁸
3095 4168 3124 4220 6
3150 4167 3209 4219 ὲν
3242 4168 3424 4220 πίστει
3450 4168 3655 4238 θερμός
3680 4185 3695 4198 ·
3736 4172 3767 4221 6
3792 4172 3857 4221 ὲν
3883 4172 4049 4236 ἀγάπῃ

2465 4253 2731 4324 φοὸερὸςο
2762 4257 2791 4307 6
2815 4257 2970 4310 πόλιν
3003 4255 3189 4321 οἰκῶν,
3245 4258 3340 4311 καὶ
3378 4258 3480 4328 τῆς
3521 4260 3745 4329 ἐρήμου
3784 4261 4050 4319 παντελές

2467 4346 2542 4417 μὴ
2570 4348 2913 4417 λειπόμενος.
2948 4345 3081 4418 Εἶχε
3122 4349 3232 4421 γὰρ
3285 4350 3493 4420 ταύτης
3539 4350 3700 4404 ἔνδον
3739 4354 3949 4407 ἑαυτοῦ
3974 4354 4048 4417 τὴν

2465 4439 2649 4509 σχέσιν
2682 4440 3030 4511 θερμοτάτην
3060 4443 3155 4495 καὶ
3196 4443 3445 4508 ζέουσαν,
3471 4446 3598 4514 ἦτις
3639 4445 3725 4508 ὡς
3756 4447 3880 4517 πῦρ
3910 4444 4046 4500 αὖτιῦ

771 4523 1028 4578 litudinis
1061 4523 1421 4587 desiderium,
1458 4537 1589 4592 quo,
1614 4523 1769 4577 velut
1806 4523 1945 4593 igni,
1979 4524 2103 4592 ejus
2137 4525 2353 4581 viscera

2473 4531 2533 4585 τὰ
2561 4530 2708 4585 ἔνδον
2738 4534 2986 4602 ἀσχέτως
3023 4536 3124 4588 οὐκ
3190 4535 3435 4588 ἀνεδίδου
3494 4536 3873 4604 φλογίζουσα,
3929 4540 3981 4593 εί
4000 4555 4045 4601 γε

766 4617 887 4686 jugi
940 4616 1204 4670 incendio
1264 4616 1598 4684 impotenter
1644 4615 1951 4670 arderent:
2002 4616 2229 4685 quando
2272 4618 2357 4671 vir

770 4718 1038 4763 strenuus
1069 4723 1193 4776 quae
1224 4712 1355 4762 sunt
1394 4720 1643 4773 congrua
1687 4707 1813 4760 vitm
1868 4706 1945 4760 illi
1980 4707 2045 4760 ad
2082 4722 2261 4778 usque
2293 4709 2357 4762 fi-

769 4815 895 4856 nem
930 4797 1205 4855 indefessa
1235 4814 1470 4869 prorsus
1501 4800 1821 4852 constantia
1855 4800 2051 4869 gessit.

842 4891 1046 4946 Verum
1107 4905 1218 4960 qua
1270 4891 1321 4944 ei
1383 4891 1600 4945 ratione
1666 4891 1923 4945 obtulero
1972 4891 2357 4947 laudationum

768 4982 1073 5040 coronam?
1119 4981 1375 5037 Etiamne
1404 4997 1538 5037 vero
1582 4984 2037 5038 conversationis
2095 4984 2357 5055 splendo-

768 5092 885 5132 rem
918 5076 1224 5145 exponam?
1256 5075 1475 5130 Etenim
1506 5077 1709 5129 anxius
1741 5090 1885 5139 sum,
1920 5075 2133 5140 dilecti,
2165 5092 2266 5131 nec
2302 5077 2355 5131 id

766 5167 1087 5228 minimum,
1115 5166 1187 5220 ob
1220 5165 1433 5220 laboris
1486 5166 1825 5221 molestiam.
1863 5166 1947 5220 Ab
1984 5180 2051 5219 eo
2082 5166 2229 5220 enim
2266 5182 2359 5221 su-

766 5273 943 5329 perna
979 5260 1182 5329 gratia,
1216 5266 1372 5327 gesta
1407 5256 1685 5328 prodigia,
1717 5256 1870 5311 dictu
1914 5272 2150 5326 prorsus
2181 5258 2351 5311 mira-

769 5351 903 5405 bilia
956 5358 1112 5412 sunt,
1163 5351 1437 5408 rationem
1485 5350 1766 5420 quatiunt,
1821 5366 1887 5405 ac
1928 5351 2059 5405 sede
2106 5358 2351 5415 movent,

1409 5529 1433 5567 ἰ
1485 5527 1616 5583 ibid.
1656 5529 1687 5580 7

837 5532 858 5567 β
900 5526 1068 5585 Hebr.
1098 5544 1216 5591 xm.
1246 5528 1329 5583 17.
1409 5529 1433 5567 ἰ
1485 5527 1616 5583 ibid.
1656 5529 1687 5580 7
1793 5527 1806 5566 ί
1847 5528 1957 5599 Sap
2020 5544 2115 5591 vn,
2149 5528 2238 5582 Si.

2463 4621 2531 4675 τὰ
2588 4622 2773 4696 ἐκείνῃ
2819 4626 3194 4696 προσήκοντα,
3266 4627 3434 4697 μέχρι
3484 4628 3677 4692 τέλους
3721 4633 3753 4684 6
3801 4633 4045 4699 γεννὰξας

2460 4714 2667 4776 ἐκεῖνος
2695 4715 2861 4785 δρῶν,
2890 4717 3175 4782 παντελῶς
3202 4720 3301 4771 οὐκ
3326 4719 3640 4788 ἀπέκαμεν.
4022 4730 4027 4733 “

2545 4891 2682 4945 Ἀλλ’
2713 4892 2759 4945 ῶ
2790 4892 2906 4955 πῶς
2957 4896 3055 4964 μὲν
3113 4894 3262 4964 αὐτῷ
3294 4894 3405 4947 τῶν
3444 4895 3753 4964 ἐγκωμίων
3800 4897 4042 4968 προσάξω

2461 4986 2553 5039 τδν
2589 4986 2883 5054 στέφανονς
2942 4988 3065 5051 Πῶς
3096 4988 3155 5041 δὲ
3202 4989 3297 5042 καὶ
3328 4990 3429 5058 τῆς
3468 4989 3756 5052 πολιτείας
3792 4991 4041 5061 ἒκςράαετι

2466 5077 2526 5129 τὸ
2550 5072 2803 5147 λαμπρόν
2828 5095 2843 5140 ς
2894 5078 3033 5131 Ἀλλ’
3069 5079 3219 5147 ὅμως
3240 5081 3499 5132 ἐπίπονον
3520 5078 3744 5150 ἀπορῶ,
3775 5083 3879 5133 καὶ
3922 5082 4039 5135 liv.

2468 5167 2764 5237 ἀγαπητοί.
2789 5168 2870 5221 Τά
2894 5169 3001 5239 γὰρ
3025 5169 3112 5222 διὰ
3140 5170 3240 5239 τῆς
3284 5169 3493 5223 ἄνωθεν
3518 5171 3749 5238 χάριτος
3772 5171 3871 5222 ὑπ’
3899 5168 4041 5222 αὑτοῦ

2462 5258 2785 5311 τελεσθέντα
2818 5258 3101 5329 τεράστια,
3135 5260 3455 5331 θαυμαστὴν
3480 5260 3677 5331 ἔχοντα
3736 5261 3844 5328 τὴν
3867 5262 4037 5330 διήγη-

2465 5366 2568 5415 σιν,
2595 5348 2877 5418 κραδαίνει
2936 5367 3037 5421 μου
3069 5349 3160 5404 τὸν
3183 5350 3467 5421 λογισμὸν,
3516 5350 3612 5404 καὶ
3641 5348 3924 5423 ἐξίστησι,
3961 5352 4036 5402 καὶ

2047 5713 2131 5767 VA
2146 5711 2181 5764 R
2193 5711 2205 5763 1
2218 5709 2279 5765 ,Ιῖ
2310 5708 2603 5766 ΙιΕΩΤΙΟΝ
2615 5711 2715 5765 ES.

810 5802 820 5811 ”
885 5809 968 5862 lg.
1010 5804 1265 5875 “7:73.53:
