4176 6448
167 340 320 405 1%9

1471 342 1552 401 ΙΝ
1594 342 1654 401 S.
1696 340 2107 401 PATAPIUM.

3306 336 3435 404 1290

151 454 291 504 τῶν
323 450 544 503 οίκείων
567 451 707 520 ὅρων
771 448 1097 504 ἀπελαύνειν
1157 449 1428 518 βιάζεται.
1479 449 1646 520 Πλὴν,
1679 452 1759 513 είς

1895 453 2090 522 nisque
2142 453 2316 522 ipsius
2361 454 2617 508 terminis
2654 469 2753 508 ceu
2800 455 2850 507 vi
2898 454 3205 523 depulluut.
3260 454 3433 509 Ca-ie-

151 545 301 597 ὂσον
329 543 583 613 ἀφίκοιτό
613 560 716 612 μου
744 544 777 612 ἡ
806 543 1033 606 διάνοια,
1068 542 1168 595 ούκ
1195 542 1409 611 ὀκνήσω
1440 541 1643 609 λέγειν.
1684 542 1758 594 Ού

154 638 289 705 γὰρ
319 636 384 687 τὸ
413 636 489 705 μὴ
518 636 639 688 κατ’
667 636 825 698 ἀξίαν
869 636 1217 704 ἐγκωμιάσαι
1253 635 1599 704 κατάκρισις,
1625 634 1761 687 ἀλλά

154 728 230 779 τό
264 742 337 793 γε
367 728 447 789 είς
485 726 708 795 δύναμιν
734 723 869 795 ἧκον
914 727 987 797 μὴ
1025 725 1228 793 λέγειν,
1275 727 1637 793 κατάγνωσις.
1672 725 1763 777 Διὸ

162 816 504 886 σύμμετρον
526 816 662 885 ἔχων
693 817 770 886 τῷ
827 817 971 884 λόγῳ
997 816 1095 886 τὴν
1136 815 1364 878 ἔννοιαν,
1402 815 1553 883 πάσῃ
1606 814 1762 884 ῥώμῃ

162 907 275 959 καὶ
304 906 505 975 ζεούσῃ
523 907 691 975 ψυχῇ,
754 906 862 958 τῶν
908 906 1200 974 ἐγκωμίων
1246 905 1345 976 τὴν
1381 905 1620 973 σπουδὴν
1643 906 1764 956 ἐπι-

159 996 462 1064 δείξαιμι·
499 996 600 1065 τῆς
663 998 763 1065 μὲν
802 996 914 1047 τῶν
963 995 1201 1065 θύραθεν
1224 997 1559 1064 τεχνολόγων
1586 1012 1765 1064 κομω-

160 1088 347 1155 τικῆς
393 1087 679 1156 τερθρείας
725 1088 873 1140 τόνδε
917 1088 1008 1141 τὸν
1056 1088 1214 1154 λόγον
1254 1087 1628 1157 ἀπορρηγνὺς,
1666 1086 1764 1154 τῆς

162 1179 550 1249 ἁποστολικῆς
577 1178 632 1231 δὲ
656 1182 751 1231 καὶ
774 1180 1050 1249 ἡμετέρας
1074 1180 1181 1232 τῶν
1211 1179 1441 1242 πιστῶν,
1465 1177 1765 1245 εὐγενείας,

166 1270 206 1336 ἢ
252 1271 561 1333 εύσεὸείας,
594 1271 627 1340 ῆ
657 1272 936 1341 ἀληθείας,
972 1272 1005 1342 ἢ
1059 1274 1270 1341 σοφίας,
1312 1273 1343 1341 ἦ
1374 1274 1474 1325 ούκ
1497 1268 1590 1324 οἷδ’
1621 1273 1768 1332 ὅπως

170 1359 361 1425 αὐτὴν
390 1359 623 1423 καλέσω,
649 1361 971 1424 ἀποδεικνὺς
1025 1362 1121 1429 τὴν
1152 1363 1516 1430 εὐπρέπειαν,
1554 1361 1647 1413 καὶ
1673 1361 1770 1428 τὴν

78 1484 79 1487 η
167 1453 262 1512 εἰς
284 1451 456 1521 ἄκρον
481 1453 637 1513 ἐκτὸς
692 1453 920 1517 τούτων,
969 1452 1065 1504 τοῦ
1105 1453 1296 1522 ἀνδρὸς
1343 1454 1564 1522 ἀρετήν.
1620 1452 1771 1502 Ἐπεὶ

172 1540 283 1591 καὶ
312 1539 475 1591 τοῦτο
503 1540 657 1607 φίλον
690 1540 863 1610 αύτῷ,
892 1540 952 1593 τὸ
978 1540 1142 1603 πεζὸν
1172 1540 1265 1592 τοῦ
1296 1540 1475 1607 λόγου,
1504 1540 1597 1591 καὶ
1631 1540 1769 1589 ἀκα·

172 1631 457 1683 τάσκευον
481 1648 496 1663 ο
545 1633 628 1684 ὅτι
663 1633 798 1702 μηδὲ
860 1632 1039 1700 λόγοις
1075 1632 1174 1700 τὴν
1207 1631 1410 1701 ἀρετὴν
1462 1630 1767 1699 ἐξήσκητο’

175 1721 339 1792 ἔργῳ
384 1722 442 1773 δὲ
504 1724 597 1775 καὶ
637 1724 833 1793 πράξει
860 1723 931 1776 τά
984 1722 1203 1792 ἐκείνης
1232 1720 1596 1789 κατώρθωσεν
1627 1720 1764 1786 εἴδη.

1868 556 2015 607 rum,
2072 544 2208 597 nihil
2264 553 2581 609 cunctatus,
2647 547 2828 601 dicant
2895 556 3161 615 quantum
3221 548 3436 597 animus

1869 635 2044 702 possit
2077 636 2323 703 assequi.
2359 635 2469 689 Nec
2515 636 2662 689 enim
2706 637 2759 688 in
2806 650 2872 688 eo
2924 636 3206 689 damnatio
3239 647 3342 697 cst,
3380 651 3439 689 ιιι

1870 740 1939 778 ne
1965 726 2235 791 condigiio
2267 727 2522 781 cncomio
2561 743 2671 781 non
2699 728 3115 790 celebraret-im,
3152 729 3248 779 sed
3280 737 3337 780 ut
3372 746 3438 780 nu

1870 831 1970 884 pro
2012 817 2236 869 modulo
2285 818 2544 872 dixerim.
2608 818 3004 884 Quamobrem,
3058 820 3149 885 qui
3206 819 3435 871 lialn-a-iu

1872 913 2105 958 mentem
2152 907 2390 959 sermoni
2441 908 2827 973 compositam,
2873 912 3004 961 totis
3054 908 3287 967 viribus,
3324 908 3439 961 fer-

1871 997 2131 1063 Ventique
2201 996 2409 1057 animo,
2480 997 2741 1050 laudandi
2803 1000 3045 1051 studium
3105 1000 3435 1051 ostendam.-

1876 1087 1948 1140 ita
1978 1103 2110 1142 vero
2143 1099 2202 1142 ut
2244 1105 2554 1144 sermonem
2605 1092 2753 1145 hunc
2799 1106 2828 1144 a
2863 1093 3211 1145 szecularium
3255 1101 3441 1145 orato-

1879 1196 1997 1232 rum
2058 1181 2239 1234 fucato
2297 1183 2593 1235 verborum
2661 1184 3109 1252 elocutionisque
3163 1184 3440 1236 lenocinio

1878 1273 2172 1342 abruptum
2222 1258 2666 1344 velim,‘quique
2721 1276 3041 1344 apostolica:
3094 1276 3288 1337 solius,
3354 1292 3442 1326 nu-

1876 1370 2134 1431 strazque,
2190 1363 2429 1417 ﬁdelium
2480 1365 2860 1431 ingenuitatis,
2914 1364 2995 1416 vel
3040 1361 3439 1429 religiositatis,

1879 1462 1971 1506 aut
2006 1454 2274 1516 veritatis,
2324 1463 2425 1506 aut
2471 1455 2756 1523 sapientia:
2801 1461 2895 1506 aut
2952 1454 3140 1506 nescio
3179 1452 3308 1520 quid
3342 1468 3438 1503 νυ-

1880 1562 2017 1609 rem,
2054 1546 2307 1598 decorem
2340 1546 2618 1607 exhibeat,
2661 1558 3041 1611 summamque
3082 1543 3206 1606 viri,
3234 1542 3443 1608 absque

1882 1637 2084 1690 talibus
2111 1636 2379 1705 profanis,
2423 1637 2705 1689 virtutem.
2742 1634 2874 1688 Nam
2919 1644 2975 1687 et
3004 1636 3119 1702 ipse
3150 1634 3248 1685 hoe
3298 1642 3445 1685 amat

1882 1726 2033 1778 velut
2086 1726 2359 1794 pedestre,
2416 1740 2479 1780 ac
2516 1726 2699 1779 minus
2749 1742 2813 1779 ex
2853 1735 2972 1777 arte
3018 1735 3068 1777 et
3098 1726 3441 1784 elaboratum

174 1812 362 1865 Τοῦτο
415 1814 523 1883 γὰρ
573 1814 740 1881 αὐτῷ.
802 1814 894 1865 καὶ
934 1812 994 1877 se
1050 1813 1233 1866 aii:ti
1285 1812 1508 1865 ἁπαλῶν
1554 1812 1760 1879 ὀνύχων

1888 1815 2080 1869 licendi
2117 1832 2336 1885 genus:
2396 1815 2599 1885 quippe
2658 1816 2851 1877 etiam,
2910 1830 3017 1867 non
3051 1829 3150 1882 pro
3200 1812 3441 1863 oratoris

178 1904 551 1958 ἐσπούδαστο.
580 1905 666 1967 Ὧς
688 1906 782 1957 καὶ
807 1904 903 1958 νύν
931 1905 991 1956 ού
1017 1904 1159 1973 μέγα
1183 1904 1274 1956 τὸν
1304 1906 1382 1964 είς
1412 1904 1575 1956 αὐτὸν
1618 1902 1779 1955 ἐπαι-

181 2013 304 2058 νον,
342 1997 522 2067 ἐννοίᾳ.
551 1997 830 2067 μᾶλλον,ἢ
881 1997 1026 2066 λόγῳ
1079 1997 1418 2067 διαχεομένῳ
1454 1997 1549 2049 καὶ⁸
1595 1999 1777 2066 ῥέοντι

184 2089 632 2142 κατασκευάσαι.
666 2087 776 2140 Καί
818 2104 910 2157 μοι
934 2086 1280 2155 συγνωσεσθε
1335 2090 1574 2150 πάντως,
1606 2082 1651 2140 ὧ
1687 2088 1775 2157 φί-

182 2177 274 2229 λοι
300 2179 397 2230 καὶ
418 2178 658 2246 ἀδελφοὶ,
693 2179 809 2231 ὅσοι
856 2196 917 2231 τε
947 2180 1075 2250 παρ’
1106 2180 1239 2249 ἡμῖν
1269 2179 1326 2231 ὲν
1380 2178 1558 2246 λόγοις
1591 2179 1774 2248 ἔχουσι

182 2271 254 2323 τὸ
288 2270 602 2340 περίοπτον,
662 2271 758 2324 καὶ
809 2272 925 2323 ὅσοι
960 2270 1169 2323 τούτων
1204 2273 1456 2340 ἀμοιρεῖν
1496 2271 1774 2333 παντελῶς

188 2362 669 2429 ἐπαγγέλλονται·
715 2364 797 2416 ὅτι
856 2363 930 2432 μὴ
994 2362 1129 2433 πρδς
1164 2362 1317 2427 τάξιν
1359 2362 1488 2423 ίσως
1538 2363 1641 2432 ὁρᾷ
1679 2362 1772 2415 τοῦ

188 2450 382 2518 λόγου,
413 2451 520 2503 τῶν
542 2452 834 2522 ἐγκωμίων
883 2449 1021 2516 είὸος
1043 2469 1059 2484 ο
1096 2452 1232 2521 πρδς
1277 2452 1334 2505 δὲ
1388 2453 1483 2522 τὴν
1515 2452 1775 2523 ἀλήθειαν

195 2542 392 2611 μόνην,
418 2543 492 2604 ὡς
520 2543 659 2607 ἐνὸν,
696 2542 758 2595 ἐκ
792 2560 850 2596 τε
884 2542 993 2594 τῶν
1029 2543 1371 2611 φαινομένων
1406 2544 1497 2595 καὶ
1545 2542 1774 2613 λεγομέ-

193 2650 307 2685 νων
334 2632 429 2686 τοῧ
452 2635 643 2703 ἀνδρὸς
682 2635 1124 2705 κατορθωμάτων
1158 2634 1537 2688 πιστώσασθαι
1557 2651 1570 2665 ’
1610 2630 1684 2689 ὧν
1715 2636 1775 2688 τὸ

201 2723 308 2789 μὲν
356 2726 412 2775 ἐν
465 2724 733 2793 θαύμασι,
764 2726 825 2779 τὸ
852 2726 909 2778 δὲ
975 2728 1033 2779 ἐν
1062 2726 1423 2796 διηγήμασιν,
1469 2726 1616 2779 ἔστιν
1642 2728 1775 2797 ὀρᾷν

200 2816 300 2867 τὸν
334 2816 489 2885 βουλό
498 2836 680 2887 μενον.

206 2919 364 2975 sunt,
421 2920 537 2967 tum
595 2928 717 2983 qua:
781 2914 1093 2969 referuntur
1152 2915 1253 2970 viri
1316 2914 1681 2978 facinoribus,
1724 2916 2031 2969 astrinxerit

205 3006 540 3067 rationibus,
577 3006 813 3073 quiSque
849 3007 1008 3059 facile
1041 3006 1254 3060 viderit.
1450 3046 1487 3080 θ

281 3098 414 3159 Ταῖς
446 3097 613 3149 αὐτοῦ
662 3096 792 3166 γοῦν
850 3101 1012 3168 ἡμεῖς
1053 3101 1236 3168 εὐχαῖς
1286 3099 1779 3169 βοηθούμενοι,καὶ

205 3185 287 3256 τῷ
310 3188 429 3239 κατ’
459 3187 646 3240 οὐσίαν
702 3187 869 3250 ὅντως
930 3188 1044 3248 δντι
1081 3191 1176 3241 καὶ
1217 3188 1360 3259 ὑπὲρ
1407 3189 1588 3241 πᾶσαν
1619 3186 1782 3255 φύσιν

209 3278 307 3332 καὶ
336 3277 539 3345 γνῶσιν
585 3278 996 3348 ὑπερηνωμένῳ
1050 3277 1128 3349 τῷ
1182 3281 1357 3349 Πατρὶ
1380 3280 1476 3331 καὶ
1502 3279 1581 3348 τῷ
1612 3279 1782 3333 Πνεύ-

212 3388 368 3439 ματι,
396 3367 552 3440 Λόγῳ
572 3386 587 3402 ο
621 3371 700 3441 τῷ
724 3371 780 3422 ἐν
809 3363 854 3438 ᾧ
872 3373 1069 3435 πάντες
1094 3374 1144 3425 οί
1170 3371 1438 3443 θησαυροὶ
1460 3376 1559 3445 τῆς
1591 3373 1781 3441 σοφίας

211 3448 535 3515 ἀπόκεινται
569 3462 970 3532 στηριζόμενοι,
1002 3463 1111 3515 τῶν
1143 3465 1435 3533 ἐγκωμίων
1465 3464 1745 3534 ἀρξόμεθα
1766 3482 1779 3496 ’

215 3554 755 3625 συμπεριληψόμενοι
805 3556 1047 3624 δηλονότι
1102 3556 1435 3626 περιεκτικῷ
1490 3557 1662 3626 λόγῳ,
1695 3558 1785 3611 καί

214 3663 338 3698 τινα
371 3646 478 3698 τῶν
529 3647 669 3700 κατὰ
702 3648 877 3716 σάρκα
921 3647 1016 3700 καὶ
1051 3647 1369 3716 γνωστικῶν
1403 3652 1784 3719 καταφάσεων.

230 3737 388 3789 Ἀλλά
419 3756 508 3807 μοι
542 3738 636 3791 καὶ
698 3741 851 3808 ὑμεῖς
908 3740 1301 3809 συναμιλλᾶσθε
1338 3743 1458 3806 ταῖς
1500 3744 1786 3812 ἐμετέραις

217 3828 424 3898 εὐχαῖς,
457 3830 583 3882 ἵλεω
643 3830 735 3882 τὸν
764 3829 896 3883 Θεόν
933 3848 1024 3900 μοι
1066 3831 1405 3902 ποιούμενοι,
1440 3834 1531 3887 καὶ
1565 3853 1583 3885 ι
1617 3835 1789 3901 Λόγον

220 3921 496 3984 αἰτοῦντες
544 3924 603 3974 ἐν
651 3922 852 3986 ἀνοίξει
902 3921 995 3975 τοῦ
1045 3923 1332 3994 στόματος,
1370 3943 1388 3976 ι
1425 3926 1572 3987 ὅπως
1615 3924 1681 3977 ἂν
1714 3927 1789 3996 μὴ

222 4009 490 4080 κριθείην,
522 4011 597 4075 ὡς
631 4012 737 4064 τῶν
774 4012 913 4083 ὑπὲρ
948 4013 1105 4077 ἀξίαν
1155 4014 1455 4083 ἁψάμενος,
1488 4018 1582 4068 καὶ
1624 4016 1792 4087 μηδὲν

224 4100 533 4154 λυσιτελοῦν
587 4103 912 4170 είσενεγκὼν
958 4103 1037 4173 τῷ
1067 4103 1211 4174 λόγῳ
1237 4105 1348 4158 τῶν
1373 4106 1685 4174 ἐγκωμίων.
1727 4108 1792 4159 Ὃ

231 4195 359 4266 μηδὲ
401 4196 537 4265 πρὸς
592 4199 658 4265 τῇ
714 4199 820 4268 ἐμῇ
872 4198 1214 4267 καθέστηκεν
1266 4199 1560 4271 ἀσθενείασ
1594 4200 1794 4254 ὁπόταν

231 4288 363 4357 μηδὲ
392 4288 525 4357 πρὸς
552 4288 709 4354 ἀξίαν
730 4283 868 4352 εἶδός
896 4307 949 4341 τι
990 4292 1397 4360 συνεπήρτηται
1418 4307 1430 4320 ·
1484 4292 1620 4361 πρὸς
1646 4291 1700 4344 δὲ
1727 4294 1793 4362 τῇ

230 4378 430 4431 ἀνωθεν
456 4382 661 4449 χάριτι,
692 4383 756 4450 τῇ
788 4381 964 4433 πάντα
988 4381 1227 4451 νεμούσῃ
1264 4382 1480 4452 ἑκάστῳ
1516 4384 1585 4436 τὰ
1637 4384 1799 4453 πρόσ-

233 4488 388 4542 φορα,
422 4492 440 4523 ι
477 4474 608 4543 Παρ⁸
636 4470 704 4543 ἧς
724 4474 874 4526 πᾶσα
903 4474 1047 4537 δόσις
1080 4475 1283 4543 ἀγαθὴ,
1310 4476 1404 4526 καὶ
1436 4476 1546 4527 πᾶν
1570 4476 1798 4544 δώρημα

1876 1922 2104 1961 munere
2136 1908 2371 1961 dicendo
2402 1908 2577 1961 coluit
2618 1908 2898 1967 virtutem,
2945 1905 3038 1959 sed
3072 1904 3244 1973 gessit
3275 1918 3443 1971 opere

1872 2008 1925 2051 et
1960 1999 2200 2052 actione.
2234 1998 2291 2051 ln
2324 2014 2389 2052 co
2422 1999 2719 2067 siquidem,
2748 1998 2832 2051 vel
2869 2013 2897 2050 a
2931 1998 3134 2049 teneris
3168 1993 3442 2060 unguibus

1875 2088 2116 2142 studium
2176 2089 2376 2157 posuit.
2433 2091 2611 2157 Atque
2663 2087 2801 2141 adeo
2844 2087 2976 2139 nihil
3016 2086 3180 2136 etiam
3234 2086 3445 2149 impr-.c-

1875 2181 2184 2232 sentiarum
2225 2194 2510 2247 magnum,
2537 2186 2597 2231 ut
2639 2179 2765 2246 ejus
2822 2177 3067 2230 laudatio
3107 2177 3444 2243 (‘ngilﬂllmn‘

1872 2268 2057 2337 potius
2115 2283 2282 2338 quam
2322 2266 2444 2321 fusa
2494 2282 2559 2321 ac
2613 2268 2947 2319 decurrente
2993 2266 3243 2317 oratione
3288 2262 3444 2314 ador-

1872 2369 1999 2413 nata
2051 2360 2144 2414 sit.
2204 2358 2426 2428 Vosque
2459 2359 2708 2421 omnino,
2751 2358 2911 2411 amici
2960 2357 3295 2424 fratresque,
3329 2364 3442 2407 tum

1872 2460 2149 2521 quotquot
2181 2452 2532 2521 perspicaccs
2561 2451 2699 2505 estis
2746 2451 2799 2503 in
2833 2449 3100 2510 oratoria,
3135 2456 3249 2499 tum
3280 2455 3445 2515 quol-

1872 2556 2004 2615 quot
2060 2546 2180 2615 ejus
2230 2559 2330 2598 vos
2378 2545 2608 2598 omnino
2677 2542 2816 2596 artis
2869 2540 3032 2595 rudes
3090 2538 3444 2608 prolitemiui,

1881 2636 2198 2705 ignoscetis.
2252 2632 2415 2688 Forte
2467 2635 2612 2687 enim
2671 2648 2781 2685 non
2811 2632 3035 2700 respicit
3070 2629 3288 2682 modum
3324 2644 3445 2681 ora-

1882 2728 2050 2783 tionis
2084 2729 2418 2781 laudationis
2467 2741 2664 2795 genus,
2701 2725 2795 2779 sed
2840 2733 2901 2777 ut
2928 2724 3105 2778 solum
3143 2722 3445 2781 veritatem,

1882 2826 2148 2886 quantum
2201 2806 2333 2871 lieri'
2365 2824 2566 2885 potest,
2624 2825 2740 2868 tum
2772 2831 2839 2868 cx
2880 2814 2948 2867 iis
2979 2828 3100 2882 qua:
3148 2810 3445 2878 conspicua

2085 2932 2098 2967 :
2162 2930 2227 2969 ac
2278 2914 2564 2985 partimin
2597 2912 2898 2977 miraculis,
2936 2914 3134 2980 partim
3213 2908 3267 2959 iu
3332 2920 3445 2959 nar-

1956 3097 2087 3166 Ejus
2122 3097 2309 3167 itaque
2346 3093 2736 3163 adjuvantibus
2760 3091 3040 3162 precibus,
3077 3088 3453 3154 Sermonequc

1887 3192 1982 3246 illo
2008 3190 2391 3250 conlirtnante.
2418 3187 2508 3258 qui
2543 3202 2669 3241 vere
2707 3201 2800 3255 per
2824 3184 3124 3238 essentiam
3151 3180 3450 3240 exsisti-ns,

1885 3299 2051 3353 supra
2093 3294 2345 3337 naturam
2387 3295 2606 3335 omnem
2645 3277 3067 3343 scientiamque,
3111 3272 3311 3326 eximie
3354 3270 3455 3322 l‘ao

1884 3376 1956 3429 tri
1998 3390 2062 3428 ac
2117 3371 2349 3442 Spiritui
2415 3376 2610 3425 sancto
2668 3367 2857 3421 unitus
2908 3372 3012 3426 est,
3083 3360 3453 3443 laudationem

1885 3466 2211 3537 aggrediar;
2244 3464 2504 3527 nimirum
2552 3460 2837 3516 succincte
2868 3471 3124 3511 sermone
3169 3470 3230 3507 ac
3265 3453 3457 3523 paucis

1883 3560 2206 3630 complexus
2233 3566 2347 3610 tum
2395 3552 2657 3608 nonnulla
2699 3565 2820 3620 qua:
2866 3557 3119 3618 spectant
3151 3546 3216 3599 ad
3270 3546 3457 3599 Carnis

1886 3651 2163 3712 exercitia,
2228 3657 2342 3702 tum
2382 3662 2504 3717 quae
2534 3646 2601 3698 ad
2630 3643 2921 3698 scientiam
2956 3650 3009 3693 et
3038 3639 3457 3707 coulemplatio-

1886 3760 2012 3799 nem
2061 3744 2353 3813 pertinent.
2411 3740 2514 3793 Sed
2558 3746 2611 3793 et
2655 3752 2752 3790 vos
2790 3737 2992 3790 vestris
3039 3733 3298 3803 precibus
3341 3734 3458 3800 pari

1889 3850 2101 3892 mecum
2131 3833 2478 3887 aanntlatione
2522 3828 2863 3889 contendite,
2905 3834 2963 3878 ut
3015 3825 3145 3876 mibi
3203 3822 3345 3875 Deus
3388 3822 3460 3874 sit

1891 3926 2184 3998 propitius,
2209 3923 2561 3978 «Sermonem
2588 3928 2835 3990 petentes
2859 3919 2913 3971 in
2945 3914 3453 3985 apertioucorisi‘,»

1891 4029 1953 4075 ut
1979 4033 2047 4075 ne
2074 4019 2127 4072 in
2154 4015 2424 4086 judicium
2450 4028 2637 4073 vocer,
2666 4011 2816 4081 quod
2848 4025 2933 4062 me
2959 4008 3166 4076 majora
3195 4019 3461 4074 prmsum-

1893 4113 2123 4183 pserim,
2155 4109 2403 4176 nihilque
2436 4105 2584 4176 quod
2633 4103 2931 4162 conducat,
2974 4099 3299 4153 exornativo
3346 4109 3465 4149 ser-

1896 4204 2043 4258 moni
2074 4201 2369 4255 intulerim.
2408 4202 2472 4254 Et
2504 4214 2654 4262 vero,
2691 4196 2834 4250 haud
2876 4208 3041 4264 penes
3084 4206 3260 4245 meam
3290 4190 3464 4241 imbe-

1896 4295 2179 4350 cillitatem
2236 4291 2402 4345 fuerit
2459 4299 2518 4343 ut
2573 4291 2739 4357 digne
2788 4301 3090 4349 exornem,
3142 4286 3234 4351 qui
3293 4298 3470 4349 neque

1899 4386 2103 4455 aliquid
2146 4399 2243 4454 pro
2282 4384 2551 4452 dignitate
2592 4379 2782 4448 eloqui
2826 4375 3118 4435 sulliciam,
3154 4372 3248 4427 sed
3282 4387 3473 4438 exspe-

1901 4477 2161 4531 ctandum
2210 4490 2238 4528 a
2275 4489 2515 4543 superna
2561 4472 2760 4540 gratia,
2803 4468 3173 4521 distribuente
3217 4464 3474 4517 omnibus

233 4566 430 4616 τέλειον
456 4565 660 4618 ἄνωθέν
712 4567 829 4618 ἐστι
875 4566 1205 4620 καταϐαῖνον
1245 4566 1398 4637 παρᾶ
1445 4566 1540 4619 τοῦ
1585 4568 1778 4635 Πατρδ.

1901 4567 2045 4638 quod
2076 4568 2275 4635 cuique
2297 4580 2603 4634 congruum
2641 4565 2711 4618 sit
2741 4580 2754 4614 :
2786 4580 2805 4612 ι
2852 4562 2894 4612 Λ
2929 4574 3038 4628 qua
3075 4566 3159 4609 est
3184 4571 3347 4607 ouine
3375 4552 3474 4606 da-

233 4655 339 4707 τῶν
373 4655 587 4723 φώτων,
638 4675 656 4706 ι
687 4658 744 4709 ἐν
766 4658 880 4719 τοῖς
931 4658 1103 4723 ἀξίοις
1146 4657 1242 4710 τοῦ
1302 4656 1640 4726 Πνεύματος.
1685 4656 1802 4709 Ἐπ’

238 4748 400 4819 αὐτὴν
450 4748 599 4815 γοῦν,
624 4749 697 4811 ὡς
751 4750 982 4817 ἔφημεν,
1016 4749 1114 4818 τὴν
1142 4750 1316 4820 ἀρχὴν
1359 4751 1469 4802 τῶν
1516 4750 1804 4820 ἐγκωμίων

238 4838 555 4908 ὲλεύσομαι’
595 4840 785 4909 καλὴν,
823 4840 905 4891 ὅτι
969 4840 1207 4908 μάλιστα
1254 4841 1347 4892 καὶ
1387 4842 1613 4910 ταχεῖαν
1643 4840 1807 4910 εύρά-

244 4949 397 5002 μενος
452 4931 735 5001 σύμμαχον
768 4932 864 5001 τὴν
898 4933 1179 5002 ἑκατέροιν
1209 4936 1323 4984 τοῖν
1366 4936 1551 5003 μεροῖν
1575 4931 1683 4984 τῶν
1713 4933 1805 4985 εύ-

241 5021 345 5091 χών
372 5022 614 5093 ἀρωγήν.
643 5021 713 5073 Σὺ
748 5023 804 5075 δέ
851 5040 962 5091 μοι.
993 5016 1036 5074 ὦ
1076 5022 1189 5092 ίερά
1240 5023 1335 5077 κα)⁸
1389 5022 1600 5093 μεγάλη
1628 5025 1805 5094 πανή-

241 5131 413 5186 γυρις,
448 5115 563 5167 ὅσοι
596 5131 654 5166 τε
684 5114 781 5183 τῆς
807 5114 947 5166 κατά
980 5114 1215 5179 Χριστὸν
1251 5113 1640 5185 ἀκροδακτύλῳ
1669 5114 1813 5182 φιλο-

246 5205 430 5274 σοφίας
468 5205 789 5275 ἐγεύσασθε,
814 5208 906 5259 καὶ
937 5207 1054 5258 ὅσοι
1082 5206 1286 5277 ταύτης
1311 5208 1536 5276 ἐρασταὶ
1558 5206 1811 5275 γενέσθαι

243 5297 591 5365 σπουδάζετε,
609 5297 827 5369 θερμῶς
854 5298 920 5350 τά
948 5290 1063 5350 ὦτα
1111 5296 1212 5367 τῆς
1241 5297 1478 5359 διανοίας
1512 5298 1809 5351 πετάσατε.

297 5413 344 5460 ι’
372 5412 570 5483 Ephes.
599 5413 790 5477 v1.19.
871 5426 883 5463 ι
921 5412 1038 5468 Jac.
1089 5429 1125 5471 ι.
1164 5413 1247 5466 l7.

1902 4670 2018 4713 tum
2068 4658 2359 4727 optimmn,
2396 4666 2449 4709 et
2486 4657 2690 4706 donum
2722 4651 3027 4722 perlectum
3063 4645 3404 4701 descendens
3446 4658 3477 4695 a

1902 4750 2063 4805 Patre
2094 4750 2362 4803 luminum
2404 4747 2459 4811 ις
2496 4767 2513 4797 ι
2552 4748 2607 4799 in
2644 4746 2712 4800 iis
2742 4744 2835 4813 qui
2882 4741 3093 4811 Spiritu
3139 4738 3289 4808 digni
3324 4746 3475 4790 sont.

1904 4842 1984 4897 Ad
2019 4842 2198 4912 ipsum
2224 4854 2376 4909 ergo,
2414 4847 2472 4892 ut
2514 4838 2778 4908 prmlatus
2808 4850 2929 4889 Sum
2959 4832 3171 4885 veniam
3209 4827 3479 4880 laudatio-

1906 4936 1992 4989 nis
2062 4934 2426 5003 principium,
2490 4944 2749 5001 perquam
2842 4926 3051 4996 Optimo
3122 4930 3484 4990 promptuque

1909 5027 2197 5095 utriusque
2252 5024 2465 5079 ordinis
2519 5036 2766 5092 precum,
2832 5020 3057 5072 invento
3108 5014 3334 5066 auxilio.
3399 5008 3483 5061 'l'u
3540 5082 3545 5086 .

1906 5134 2060 5181 vero,
2106 5134 2139 5171 ο
2174 5132 2331 5172 sacer
2362 5130 2671 5184 magnoque
2716 5117 3048 5173 conventus,
3109 5115 3222 5158 tum
3285 5103 3331 5157 si
3391 5099 3485 5168 qui

1908 5206 2239 5260 Christiana:
2273 5206 2635 5275 philosophia:
2667 5202 2752 5256 vel
2792 5202 2968 5279 levem
3020 5206 3241 5267 gustum
3296 5205 3485 5261 perce-

1916 5299 2074 5369 pistis
2120 5299 2256 5369 (70),
2297 5307 2413 5351 tum
2455 5297 2502 5352 si
2540 5297 2632 5366 qui
2687 5294 2810 5365 ejus
2843 5303 3119 5346 amatores
3150 5287 3266 5343 ﬁeri
3298 5284 3491 5341 studeo

1528 5498 1921 5555 COMBEFISII
1967 5498 2192 5553 ΝΟΤᾸΞ.

312 5598 422 5666 (76;
455 5596 543 5650 Vel
571 5603 727 5653 levem
776 5610 986 5668 gustum
1028 5599 1357 5665 percepistis.
1399 5597 1813 5668 ’Λκροδακτύλῳ

256 5664 559 5738 ἐγεύσασθε.
586 5664 922 5723 Λιιίιιιιῖιιιιά
964 5668 1148 5723 Basilii
1182 5664 1235 5721 in
1260 5664 1527 5736 epistolis,
1561 5664 1692 5719 Οἶδα
1723 5664 1813 5720 καὶ

255 5740 419 5804 αὐτὸς,
450 5743 495 5793 εξ
529 5740 622 5795 καὶ
650 5743 801 5808 ἄκρῳ
826 5740 1075 5810 δακτύλῳ
1104 5739 1197 5793 τοῦ
1227 5739 1561 5807 γλυκυτάτου
1600 5739 1811 5807 pii-sca;

1924 5597 2021 5665 τῆς
2048 5596 2176 5665 παρ’
2228 5598 2357 5666 ἡμῖν
2404 5594 2699 5663 ἐκκλησίας
2749 5591 3177 5662 ἀπελαυσάμεθα
3241 5589 3488 5666 πέρυσιν.

1926 5662 2082 5719 Velut
2114 5662 2329 5720 Sunii-no
2358 5666 2529 5733 digito
2561 5662 2836 5733 attingens
2870 5675 3101 5733 gustatis
3132 5662 3369 5729 percepi.
3400 5663 3490 5733 Sic

1922 5750 1969 5793 el
2001 5737 2304 5794 .lonalhasl
2345 5730 2549 5809 lingunt
2583 5730 2928 5805 κιν,’“Λκρᾶν
2963 5732 3055 5787 τοῦ
3092 5734 3371 5801 σκήπτρου
3398 5730 3491 5781 α)-
