4176 6448
110 393 251 469 1221

1408 402 1490 463 IN
1530 405 1591 462 S.
1631 405 2033 464 PATAI’IUM.

3211 404 3352 466 1222

110 511 492 582 συγχορευτὴν
537 511 958 581 ἀνεϐλάστησεν,
1016 511 1043 562 6
1095 511 1190 564 καὶ
1241 511 1541 581 θαυμάζειν
1592 515 1686 565 ἐπ-

1791 513 1967 566 insani
1995 512 2266 564 idolorum
2301 515 2518 576 cultus,
2560 529 2866 582 prmconcm
2917 516 3078 570 nobis
3127 519 3349 584 pictatis

108 604 287 670 ἀξιον.

188 874 254 924 Εἰ
283 871 392 942 γάρ
426 872 699 942 βδέλυγμα
727 875 924 937 παντὸς
952 874 1179 936 ἀσεϐοῦς
1214 874 1512 938 θεοσέϐεια,
1569 877 1682 938 πῶς

109 966 258 1034 αὕτη
293 965 550 1035 βδελυκτή
579 982 665 1027 τις
707 963 858 1025 οὖσα,
891 966 1132 1018 τοιούτου
1171 968 1303 1035 ἡμῖν
1336 967 1561 1028 σκεύους
1593 968 1684 1019 tx-

105 1055 284 1124 λογῆς
314 1059 503 1123 γέγονε
549 1057 745 1124 πατρίς
773 1073 787 1121 ;
821 1058 942 1117 Πῶς
985 1058 1172 1119 σκότος
1206 1059 1540 1126 ὑπάρχουσα,
1576 1075 1683 1123 φω-

111 1146 299 1214 στῆρα
326 1145 491 1214 ζόφου
537 1146 771 1216 διώκτην
812 1148 1052 1199 ἀνέτειλε
1079 1165 1092 1211 ;
1124 1150 1234 1201 Καὶ
1267 1150 1412 1217 μάλα
1437 1152 1678 1212 εἰκότωςο

118 1253 140 1284 ι
186 1236 360 1286 Ὅπου
413 1235 520 1303 γάρ
566 1235 889 1288 ἐπλεόνασεν
932 1239 964 1306 ἡ
1021 1238 1282 1305 ἁμαρτία,
1323 1240 1684 1308 ὑπερπεριέσ-

117 1344 324 1379 σευσεν
355 1329 387 1396 ὴ
419 1329 594 1396 χάρις.
638 1346 656 1378 ι
705 1328 784 1396 Τῇ
810 1328 918 1398 γάρ
951 1329 1044 1381 τοῦ
1079 1331 1401 1398 μονογενοῦς
1427 1332 1556 1383 Υἱοῦ
1588 1331 1682 1383 τοῦ

115 1419 258 1472 Θεοῦ
306 1420 443 1488 πρὸς
493 1420 638 1489 ἡμᾶς
694 1420 918 1489 ἀρρήτῳ
974 1421 1413 1486 συγκατασάσει,
1468 1423 1563 1473 καὶ
1618 1425 1683 1491 τῇ

113 1509 387 1578 ἀφράστῳ
410 1509 501 1561 καὶ
531 1509 670 1577 ὺπέρ
697 1510 853 1575 λόγον
879 1510 1042 1562 αὑτοῦ
1072 1511 1318 1573 κενώσει,
1348 1512 1683 1582 ἐληλαμένης

117 1601 223 1668 μὲν
258 1600 435 1668 πάσης
481 1600 696 1667 ἀπάτης
747 1602 842 1652 καὶ
872 1601 1100 1668 πλάνης,
1129 1603 1208 1662 εἰς
1238 1601 1465 1670 φροῦδον
1493 1603 1548 1654 δέ
1579 1603 1684 1655 τῶν

114 1692 323 1762 βωμῶν
367 1691 460 1742 καὶ
506 1691 615 1742 τῶν
653 1692 862 1758 ἐναγῶν
918 1694 1150 1744 εἰδώλων
1205 1697 1508 1762 γενομένων
1557 1696 1680 1764 ήδη,

109 1783 384 1853 ἐσαλεύθη
407 1781 505 1850 μέν
531 1783 824 1850 Αἴγυπτος·
860 1784 1077 1852 ἐσείσθη
1115 1785 1171 1836 δὲ
1198 1785 1370 1852 αὐτῆς
1407 1787 1473 1838 τά
1506 1804 1683 1856 χειρο-

1789 603 2012 654 invexit.
2063 600 2439 656 Tenchrosum
2492 603 2627 656 illud
2685 605 2994 658 daemonum
3044 607 3344 669 stabulum,

1785 707 1907 745 eum
1942 692 2105 746 nobis
2135 695 2388 761 produxit
2420 696 2512 762 qui
2547 710 2671 748 cum
2705 697 2918 765 angelis
2941 697 3140 752 choros
3163 697 3348 764 ducat,

1784 783 1929 852 quod
1959 783 2116 851 plane
2147 784 2456 838 mirandum
2483 787 2574 840 sit.

1855 872 1990 925 Nam
2037 889 2162 926 cum
2200 874 2352 942 impii
2407 878 2586 929 omnis
2647 879 2898 948 religiosa
2933 879 3110 947 pietas
3140 879 3350 933 abomi-

1786 967 1937 1018 natio
1967 967 2060 1028 sit,
2089 966 2181 1034 qui
2219 967 2307 1017 illa
2341 967 2735 1023 abominabilis
2762 971 3062 1033 exsistens,
3095 974 3216 1025 talis
3251 989 3351 1025 uo-

1784 1056 1869 1110 bis
1925 1057 2074 1110 vasis
2129 1057 2416 1111 electionis
2475 1062 2650 1126 patria
2697 1059 2846 1112 fuit?
2894 1061 3182 1125 Quomodo
3234 1079 3351 1131 qua:

1783 1154 1932 1201 esset
1965 1149 2218 1211 tenebrae,
2261 1149 2532 1203 luminare
2585 1151 2842 1204 submisit
2881 1156 3025 1222 quod
3064 1157 3349 1224 caliginem

1787 1237 2011 1291 haberet
2046 1238 2383 1307 dispellere?
2416 1239 2559 1292 Sane
2608 1242 2661 1294 id
2716 1244 2911 1296 merito
2949 1262 2960 1294 :
3003 1263 3020 1294 ι
3069 1243 3171 1297 Uhi
3203 1247 3350 1297 enim

1787 1330 2084 1383 abundavit
2140 1342 2449 1399 peccatum,
2509 1333 2976 1399 superabundavit
3037 1339 3208 1403 gratia
3241 1343 3287 1387 τι.
3329 1356 3346 1385 ι

1783 1419 1996 1472 Arcana
2045 1422 2189 1474 enim
2253 1423 2514 1491 unigeniti
2571 1421 2690 1475 Filii
2732 1424 2822 1476 Dei
2877 1426 2942 1476 ad
2986 1441 3084 1478 nos
3119 1427 3350 1478 inclina-

1786 1511 1958 1573 tione,
1989 1511 2364 1580 ineﬂ'ahilique
2404 1529 2465 1566 ac
2496 1515 2603 1567 vim
2638 1517 2870 1568 rationis
2906 1528 3202 1584 superante
3233 1521 3351 1586 ejus

1783 1602 2183 1661 exinanitione.
2215 1605 2360 1655 omni
2403 1620 2591 1659 errore
2626 1607 3057 1675 deceptioneque
3102 1610 3349 1677 depulsa,

1785 1689 2009 1756 arisque
2043 1706 2105 1744 ac
2152 1692 2396 1758 profanis
2444 1694 2602 1746 idolis
2645 1696 2755 1760 jam
2799 1697 3038 1756 abolitis.
3077 1713 3350 1753 concussa

1783 1779 2026 1850 Egypto
2051 1823 2064 1846 ,
2096 1782 2215 1849 ejus
2248 1797 2517 1836 concussa
2559 1793 2689 1838 sunt
2725 1786 3064 1848 manufacta,
3103 1803 3165 1842 ac
3204 1790 3351 1864 omni

110 1874 339 1942 ποίητα,
395 1875 488 1926 καὶ
523 1875 699 1927 πάντα
731 1877 840 1929 τῶν
881 1877 1149 1945 δαιμόνων
1187 1879 1251 1930 τά
1287 1880 1506 1946 μυσαρά
1535 1879 1682 1931 τελέ-

1790 1872 2094 1925 dmmonum
2127 1875 2451 1926 exsecrabili
2484 1875 2632 1928 cultu
2670 1876 2957 1941 subverso,
2994 1888 3138 1931 terra
3169 1882 3352 1933 omnis

113 1979 304 2033 σματα
354 1965 732 2026 καταλέλυται,
765 1967 860 2019 καὶ
909 1968 1144 2036 ἡγιάσθη
1185 1971 1331 2021 πᾶσα
1366 1971 1397 2038 ἡ
1429 1972 1518 2037 γῆ·
1556 1971 1584 2021 6
1627 1970 1682 2023 δὲ

110 2056 246 2119 λαὸς
279 2058 387 2108 τών
418 2055 742 2126 ἀνθρώπων,
789 2078 806 2108 ι
841 2061 879 2117 ,ό
912 2060 967 2110 ἐν
1003 2060 1182 2111 σκότει
1225 2061 1318 2111 καὶ
1355 2063 1479 2130 σκιᾷ
1513 2059 1681 2112 θανά-

108 2165 211 2202 του
238 2148 566 2216 καθήμενος,
597 2146 702 2202 εἰδε
730 2149 844 2216 φώς
888 2150 1031 2217 μέγα
1060 2170 1077 2198 ι
1113 2149 1206 2202 τοῦ
1252 2150 1401 2218 ἡλίου
1435 2151 1684 2221 λαμπρό-

108 2256 297 2310 ⁴τερον,
331 2240 394 2291 τὸ
424 2259 441 2290 ι
479 2240 712 2306 φωτίζον
733 2241 909 2292 πάντα
945 2240 1229 2310 ἄνθρωπον
1263 2244 1342 2302 εἰς
1363 2243 1453 2293 τὸν
1480 2242 1682 2311 κόσμον

109 2333 430 2403 ἐρχόμενον,
464 2351 481 2382 ι
522 2333 753 2401 Χριστὸν
781 2332 872 2384 τὸν
902 2333 1034 2384 Θεὸν
1078 2332 1253 2400 ἡμῶν.
1285 2332 1445 2402 Αὐτῷ
1476 2336 1508 2401 ἡ
1531 2333 1678 2398 δόξα,

112 2423 220 2475 σὺν
241 2420 319 2490 τῷ
350 2423 524 2492 Πατρὶ
553 2423 645 2475 καὶ
678 2420 756 2491 τῷ
801 2423 940 2492 ἁγίῳ
983 2423 1281 2491 Πνεύματι,
1309 2422 1401 2477 νῦν
1435 2425 1528 2477 καὶ
1574 2425 1679 2490 ἀεὶ,

111 2515 212 2567 καὶ
244 2515 324 2577 εἰς
354 2516 478 2577 τοὺς
505 2515 703 2577 αἰῶνας
727 2513 836 2566 τῶν
875 2513 1104 2567 αἰώνων.
1139 2516 1330 2585 Ἀμήν.

730 2631 808 2682 ΘΑ
825 2631 961 2683 ΥΜΑ
972 2633 1047 2682 TA

331 2720 437 2774 τοῦ
471 2722 646 2774 ὁσίου
680 2720 910 2786 Πατρός
938 2719 1107 2788 ὴμῶν
1135 2720 1462 2772 ηαταπίου.

185 2835 299 2905 Τὴν
318 2835 427 2887 τῶν
448 2833 737 2902 ἐγκωμίων
769 2832 924 2885 τοῦδε
951 2831 1042 2884 τοῦ
1071 2833 1283 2902 Πατρὸς
1307 2831 1687 2894 ἀποδώσαντες

1788 1964 2136 2015 sanctificata
2185 1971 2307 2027 est;
2372 1965 2610 2032 viditque
2663 1966 2962 2019 humanum
3026 1984 3198 2037 genus
3238 1987 3255 2018 ι
3297 1970 3350 2022 in

1785 2051 2031 2104 tenebris
2057 2061 2109 2104 et
2138 2053 2329 2104 umbra
2362 2055 2554 2106 mortis
2570 2054 2783 2118 sedens,
2807 2056 2981 2110 Ιιιι-ειη
3017 2073 3263 2126 magnam
3292 2067 3348 2108 ο»

1786 2142 1903 2194 sole
1932 2140 2380 2209 splendidiorem,
2409 2158 2529 2211 qua:
2562 2161 2578 2192 ι
2623 2144 2894 2197 illmninet
2925 2161 3143 2200 omnem
3176 2148 3352 2201 homi-

1784 2250 1907 2288 nem
1937 2235 1992 2287 in
2021 2235 2284 2289 mundum
2317 2237 2622 2291 venientem
2647 2248 2692 2303 Ρ,
2734 2258 2751 2289 ι
2784 2239 3060 2293 Christum
3095 2243 3351 2294 nimirum

1787 2324 1957 2380 Deum
1996 2335 2275 2382 nostrum.
2321 2325 2400 2381 llli
2435 2328 2631 2397 gloria,
2677 2344 2800 2381 cum
2832 2328 2993 2385 Patre
3040 2340 3092 2384 et
3142 2333 3353 2401 Spiritu

1786 2424 1999 2483 sancto,
2029 2433 2175 2472 nunc
2204 2428 2257 2474 et
2289 2433 2525 2489 semper,
2557 2429 2611 2473 et
2641 2419 2698 2474 in
2745 2421 2942 2476 saecula
2986 2424 3350 2477 'smculorum.

1789 2508 1979 2563 Amen.

2374 2621 2750 2677 HIRACULA

2134 2715 2306 2767 sancti
2339 2714 2526 2768 Patris
2567 2719 2736 2769 nostri
2769 2716 3008 2784 Patupii.

1857 2824 2146 2878 Celebrato
2186 2826 2388 2891 quibus
2440 2827 2596 2881 licuit
2644 2828 2865 2882 laudum
2899 2831 3210 2897 praeconiis,
3248 2832 3353 2886 Pa-

115 2927 419 2995 ιύφημίαν,
453 2923 681 2976 καθόσον
721 2925 852 2992 ὴμίν
876 2923 1118 2990 ἐφικτὸν,
1141 2925 1238 2992 τὴν
1261 2922 1368 2974 τῶν
1392 2922 1686 2992 θαυμάτων

1791 2916 2087 2984 ιτίειοίιυῙυε
2113 2919 2388 2982 encomio,
2423 2933 2603 2987 opera.-
2629 2922 2861 2987 pretium
2898 2923 3177 2978 visumest
3217 2935 3274 2978 ut
3299 2936 3354 2979 ct

113 3017 284 3071 αὐτοῦ
323 3015 583 3085 ᾠήθημεν
619 3014 872 3067 ἐκθέσθαι
904 3013 1282 3083 ἀληθεστάτην
1313 3015 1586 3084 διήγησιν,
1621 3016 1686 3066 ἵν’

1790 3007 2130 3060 verissimam
2153 3007 2272 3076 ejus
2295 3012 2686 3064 miraculorum
2710 3016 3082 3068 narrationem
3112 3015 3352 3079 ederem,

115 3111 179 3162 ἐν
207 3110 378 3178 ταύτῃ
409 3111 520 3166 τοίς
550 3107 818 3173 φιλοθέοις
857 3108 952 3156 καὶ
984 3107 1286 3174 φιλεόρτοις
1323 3122 1686 3174 συμπανηγυ-

1789 3115 1898 3165 quo
1929 3099 2031 3163 eis,
2059 3116 2162 3151 una
2187 3116 2309 3154 cum
2346 3101 2434 3154 Dei
2457 3103 2692 3171 festique
2717 3108 3053 3170 amantibus,
3081 3125 3181 3163 nos
3210 3111 3358 3162 oblc-

120 3201 393 3270 ρίσαντες,
441 3198 702 3264 εἴπωμεν·
763 3214 780 3246 ι
820 3197 1146 3262 Θαυμαστὸς
1188 3196 1354 3258 ὅντως
1394 3198 1450 3248 ἐν
1509 3197 1685 3262 ἁγίοις

1789 3191 2288 3254 ctantes,dicamus
2313 3212 2324 3245 :
2349 3213 2364 3244 ι
2403 3193 2666 3248 Mirabilis
2700 3213 2889 3250 revera
2913 3199 3052 3252 Deus
3073 3201 3123 3252 in
3149 3203 3357 3256 sanctis

117 3293 355 3362 ὑπάρχει
385 3291 412 3342 6
447 3289 673 3359 Κύριος.
709 3306 726 3337 ι
757 3289 864 3340 Καὶ
894 3289 1079 3357 μηδεὶς
1111 3289 1426 3352 ἀπιστείτω,
1453 3289 1688 3357 μάλιστα

1793 3278 2009 3330 ευὶες.›’
2034 3278 2140 3333 Nec
2171 3296 2228 3334 se
2254 3283 2544 3350 quisquam
2575 3285 3212 3352 incredulumexhibcat,
3232 3309 3354 3344 cum

117 3385 285 3438 αὑτοῦ
315 3383 406 3435 τοῦ
444 3381 650 3450 Κυρίου
676 3381 945 3447 λέγοντος·
986 3399 1002 3429 ι
1065 3380 1122 3432 '0
1152 3381 1423 3433 πιστεύων
1457 3384 1538 3444 εἰς
1562 3383 1685 3451 ἐμέ,

116 3477 186 3528 τά
213 3476 348 3543 ἔργα
372 3474 404 3526 ἃ.
443 3471 552 3541 ἐγὼ
581 3473 740 3535 ποιῶ,
785 3473 1036 3534 κάκεῖνος
1068 3473 1302 3541 ποιήσει,
1333 3474 1426 3525 καὶ
1467 3473 1688 3542 μείζονα

114 3569 322 3621 τούτων
355 3569 588 3635 ποιήσει.
628 3584 646 3616 ι
676 3565 748 3616 Οὐ
781 3566 846 3632 τῇ
878 3564 982 3633 ἰδίᾳ
998 3563 1222 3633 δυνάμει
1249 3565 1344 3634 τὴν
1367 3566 1689 3635 εὐεργεσίαν

117 3662 400 3730 πηγάζων,
437 3660 570 3710 ά).λά
602 3658 677 3727 τῷ
724 3658 843 3725 ἐμῷ
873 3658 1099 3725 ὀνόματι
1149 3657 1242 3708 καὶ
1275 3661 1340 3727 τῇ
1390 3657 1579 3727 κλήσει
1621 3662 1686 3727 τῇ

117 3757 246 3825 ἐμῇ·
287 3772 302 3803 ι
340 3752 482 3819 Ἐγώ
512 3751 617 3820 γάρ
649 3752 764 3818 εἰμι
792 3750 821 3801 6
847 3749 914 3801 τά
945 3749 1120 3801 πάντα
1153 3750 1209 3800 ἐν
1236 3751 1401 3800 πᾶσιν
1420 3751 1683 3818 ἐνεργῶνι

115 3849 184 3913 τῇ
212 3845 512 3910 Δεσποτικῇ
537 3842 776 3906 ἐξουσίᾳ.
808 3838 895 3889 Ἐν
923 3837 1098 3901 τούτῳ
1129 3839 1156 3889 6
1179 3839 1351 3906 μέγας
1388 3840 1687 3905 Πατάπιος,

114 3940 143 3990 6
166 3936 378 4005 ἀληθῶς
416 3934 551 3987 Θεοῦ
593 3934 902 4005 ἄνθρωπος,
943 3935 1053 3988 ότδ
1095 3935 1254 4002 ζόφος
1282 3933 1439 4000 ἀφεὶς
1461 3933 1559 4001 τῆς
1594 3934 1688 3983 Αἱ-

114 4029 347 4097 γύπτου,
401 4027 496 4077 καὶ
540 4024 618 4093 τῷ
665 4025 806 4092 φωτὶ
843 4024 1174 4093 πλησιάσας,
1214 4022 1310 4074 καὶ
1343 4020 1565 4090 Χριστῷ
1600 4037 1692 4071 au-

116 4117 474 4189 σταυρωθεὶς,
510 4117 604 4168 καὶ
636 4116 745 4170 τῶν
768 4116 1078 4185 ἀσωμάτων
1106 4112 1395 4182 δυνάμεων
1423 4114 1481 4163 ἐν
1509 4109 1690 4178 θνητῷ

114 4211 332 4279 σώματι
363 4207 782 4277 συμὸιωτεύσας
815 4205 951 4274 βίον.
1007 4208 1062 4258 Ὀ
1096 4207 1276 4274 τίμιος
1314 4206 1378 4272 τῇ
1405 4202 1550 4272 ψυχῇ
1597 4202 1690 4253 καὶ

110 4305 191 4374 τῷ
223 4303 457 4370 σώματιο
497 4301 525 4351 6
552 4299 643 4351 τὸν
674 4299 964 4367 ἀκτήμονά
1002 4297 1119 4367 βίον
1156 4296 1427 4365 ποθήσας,
1485 4295 1580 4346 καὶ
1611 4294 1690 4355 εἰς

110 4394 244 4445 Θεὸν
276 4391 610 4459 πλουτήσας,
663 4390 759 4440 καὶ
799 4389 895 4454 τῆς
948 4387 1281 4449 πολυτελοῦς
1329 4386 1690 4450 καταξιωθεὶς

112 4488 357 4556 χάριτος,
398 4477 551 4543 οὗτος
581 4499 598 4530 ι
633 4480 813 4534 λαϐὼν
836 4484 984 4551 παρά
1015 4481 1150 4534 Θεοῦ
1183 4480 1433 4547 ἐξουσίαν
1463 4479 1554 4532 τοῦ
1588 4497 1689 4530 πα-

113 4579 227 4628 τεῖν
255 4577 442 4628 ἐπάνω
468 4576 644 4643 ὄφεων
665 4576 759 4628 καὶ
792 4575 1094 4645 σκορπίων,
1125 4572 1223 4625 καὶ
1258 4573 1349 4623 ἐπὶ
1383 4573 1561 4623 πᾶσαν
1593 4570 1690 4638 τὴν

115 4669 346 4738 δύναμιν
395 4668 490 4720 τοῦ
545 4668 764 4738 ἐχθροῦ·
801 4687 818 4718 ι
863 4695 934 4706 -
968 4686 986 4718 ι
1025 4665 1363 4735 Θεραπεύειν
1403 4681 1462 4714 τε
1511 4665 1693 4714 πᾶσαν

111 4760 271 4812 νόσον
302 4761 395 4813 καὶ
419 4763 602 4814 πᾶσαν
637 4759 928 4829 μαλακίαν,
961 4776 979 4808 ι
1015 4757 1215 4822 ἔδειξεν
1246 4758 1380 4825 ἡμῖν
1404 4755 1605 4816 κάυτὸς
1634 4756 1690 4806 ἐν

112 4849 262 4918 αὐτῷ
292 4850 359 4902 τά
411 4849 504 4900 τοῦ
563 4845 999 4917 παραδοξοποιοῦ
1053 4843 1191 4897 Θεοῦ
1232 4843 1540 4910 θαυμάσια·
1590 4843 1690 4911 τὴν

112 4939 345 5007 ἄφθονον
385 4939 561 5009 χάριν·
596 4937 695 5004 τὴν
723 4935 992 5006 βρύουσαν
1021 4936 1226 5004 πηγήν⁹
1253 4937 1321 4986 τὶ
1355 4933 1687 5004 μελλίρῤυτα

113 5033 354 5100 νάματα.

427 5122 565 5188 Περί
605 5119 946 5188 τῆς-ἰάσεως
980 5119 1088 5172 τοῦ
1119 5117 1372 5185 τυφλοῦ.

185 5234 371 5303 Τούτῳ
416 5235 528 5305 γάρ
568 5252 699 5286 ποτε
749 5234 830 5303 τῷ
871 5232 1147 5303 μακαρίῳ,
1188 5231 1388 5298 τυφλός
1417 5247 1501 5291 τις
1543 5230 1686 5282 κατὰ

113 5325 205 5376 τὸν
250 5325 612 5395 ἐκ-γεννητῆς
645 5325 869 5392 τυφλὸν,
912 5326 1309 5394 προσέρχεται,
1337 5323 1552 5392 κράζων
1592 5322 1686 5374 καὶ

117 5417 310 5485 λέγων’
351 5417 515 5469 Δοῦλε
541 5417 637 5470 τοῦ
669 5416 805 5469 Θεοῦ
837 5417 931 5470 τοῦ
962 5418 1209 5486 ὑψίστου,
1241 5416 1510 5478 Πατάπιε,
1541 5412 1689 5465 ῐασαί

120 5528 224 5578 μου
258 5510 381 5572 τοὺς
404 5509 737 5580 ὀφθαλμούς
773 5509 988 5574 ἀνοιξόν
1024 5527 1125 5580 μου
1164 5509 1264 5578 τὴν
1293 5509 1561 5577 πήρωσιν,
1594 5504 1689 5556 καὶ

119 5603 352 5669 φώτισόν
393 5620 461 5673 με
504 5603 597 5657 τὸν
630 5603 1041 5673 ἐσκοτισμένον,
1067 5605 1118 5655 sl’
1142 5619 1259 5664 πως
1289 5600 1376 5653 διά
1417 5596 1533 5659 σοῦ,
1595 5595 1693 5666 τὴν

197 5759 394 5814 "Rom.
431 5776 482 5822 ν,
515 5755 602 5813 20.
683 5767 707 5795 °
739 5760 846 5815 lsa.
879 5769 960 5814 Ix.
988 5754 1055 5820 2;
1093 5753 1226 5809 Luc.
1254 5769 1291 5818 ι,
1317 5752 1404 5807 79.
1480 5763 1508 5804 r
1535 5753 1690 5808 Joan.
1723 5770 1762 5814 t,
1807 5754 1858 5810 9.
1937 5763 1964 5803 ς
1992 5751 2138 5810 Psal.
2173 5768 2342 5820 uvn,
2375 5752 2463 5808 56.

125 5839 291 5899 xn,o.
375 5835 387 5868 ι
427 5829 560 5884 Luc.
595 5846 647 5896 x,
693 5831 780 5884 Ill.
853 5836 884 5904 “_
920 5826 1106 5881 Matth.
1143 5842 1195 5892 x,
1225 5824 1275 5878 ί.
1352 5835 1378 5864 ν
1408 5823 1566 5881 Joan.
1603 5841 1678 5892 ιι,
1725 5826 1774 5880 l.

1789 3372 2093 3441 praesertim
2129 3372 2392 3427 Dominus
2416 3376 2531 3443 ipse
2549 3376 2766 3430 dicatzc
2802 3377 2905 3443 Qui
2944 3382 3118 3434 credit
3165 3383 3216 3434 in
3249 3399 3354 3442 me,

1789 3479 1954 3533 opera
1984 3480 2104 3534 quze
2132 3480 2234 3533 ego
2257 3464 2420 3529 facio,
2453 3475 2506 3520 et
2540 3468 2655 3536 ipse
2674 3467 2904 3523 facietet
2928 3471 3133 3540 majora
3163 3475 3354 3526 horum

1790 3556 1954 3610 faciet
1984 3566 2026 3608 τ.
2066 3575 2084 3606 ι
2118 3555 2235 3608 Non
2264 3557 2410 3609 velut
2441 3558 2559 3626 ipse
2589 3575 2618 3612 a
2664 3576 2723 3614 se
2768 3561 3017 3616 beneficii
3055 3565 3201 3618 velut
3237 3565 3359 3620 fons

1790 3650 2038 3711 exsistat,
2071 3649 2164 3701 sed
2191 3649 2246 3701 iu
2267 3665 2388 3702 meo
2416 3653 2658 3711 nomine,
2687 3667 2749 3704 ac
2773 3670 2857 3707 me
2885 3655 3154 3708 invocato.
3194 3675 3211 3706 ι
3242 3659 3358 3724 lpsc

1791 3739 1934 3792 enim
1971 3737 2152 3791 omnia
2196 3739 2249 3790 in
2299 3740 2554 3794 omnibus
2595 3749 2618 3779 ο
2654 3761 2672 3792 ι
2734 3741 3020 3798 Dominica
3090 3757 3360 3814 potestate

1800 3849 1817 3880 ι
1842 3846 2059 3898 operor.
2087 3849 2104 3881 ι
2145 3829 2200 3883 In
2237 3832 2352 3889 illo.
2384 3847 2613 3901 magnus
2638 3835 2919 3904 Patapius,
2957 3853 3081 3890 vere
3118 3840 3162 3892 is
3200 3839 3362 3893 homo

1791 3921 1906 3986 Dei,
1933 3924 2051 3991 qui,
2087 3924 2274 3977 relicta
2305 3923 2522 3994 Egypti
2553 3925 2807 3993 caligine,
2851 3929 2916 3980 ad
2960 3931 3140 3983 lumen
3174 3947 3363 3985 acces-

1790 4016 1881 4078 sit,
1916 4029 1980 4067 ac
2023 4014 2246 4068 Christo
2291 4018 2542 4070 confixus
2579 4018 2767 4081 cruci,
2801 4019 2966 4071 vitam
3007 4021 3361 4090 incorporea-

1792 4122 1910 4158 rum
1961 4107 2225 4160 virtututn
2284 4107 2480 4160 vixerit
2528 4107 2581 4160 in
2631 4110 2848 4162 mortali
2905 4126 3184 4178 corpore:
3236 4116 3360 4180 ille,

1793 4199 2039 4264 inquam,
2090 4204 2145 4250 et
2208 4197 2388 4249 anima
2442 4199 2714 4262 pretiosus
2776 4200 3258 4270 honorabilisque,
3308 4215 3361 4256 et

1791 4304 2024 4357 corpore
2057 4309 2069 4342 :
2100 4291 2190 4358 qui
2225 4291 2481 4343 dilexerit
2531 4291 2694 4344 vitam
2744 4292 2982 4361 inopem,
3032 4310 3096 4346 ac
3143 4296 3194 4346 iu
3253 4294 3362 4349 Deo

1793 4380 1968 4442 dives,
2006 4378 2326 4448 magnificas
2364 4381 2554 4448 gratia:
2585 4395 2719 4449 opes
2751 4385 2982 4451 adeptus
3013 4384 3113 4448 sit;
3169 4384 3294 4447 hoc,
3332 4403 3360 4438 a

1796 4469 1904 4522 Deo
1938 4488 1956 4519 ι
1992 4477 2218 4538 accepta
2256 4478 2529 4538 potestate
2561 4472 2810 4524 calcandi
2853 4488 3018 4540 supra
3051 4483 3359 4542 serpentes.

1792 4570 1845 4614 et
1877 4561 2211 4628 scorpiones,
2243 4572 2297 4615 et
2338 4577 2555 4616 omnem
2606 4565 2865 4618 virtutem
2903 4565 3109 4619 inimici
3143 4567 3189 4630 ¹;
3224 4587 3242 4618 ι
3296 4599 3365 4608 -

1795 4669 1813 4700 ι
1860 4648 2206 4717 euratnlique
2254 4666 2472 4704 onmem
2506 4653 2760 4706 morbum
2787 4661 2842 4704 et
2878 4668 3097 4708 omnem
3134 4655 3362 4722 languo-

1790 4753 1906 4792 rem
1941 4747 1992 4802 ιι,
2025 4759 2044 4791 ι
2075 4741 2317 4793 ostendit
2346 4753 2400 4794 et
2443 4741 2561 4809 ipse
2594 4743 2753 4797 nobis
2789 4743 2844 4796 in
2883 4744 3088 4812 seipso,
3129 4743 3221 4799 Dei
3256 4745 3362 4798 mi-

1790 4832 2040 4885 rabilium
2110 4834 2415 4901 patratoris
2493 4833 2771 4888 mirabilia
2855 4851 3062 4906 opt-ra,
3127 4839 3362 4906 gratiam

1791 4925 2044 4989 uberem,
2084 4933 2397 4979 manantem
2431 4923 2663 4990 fontem,
2696 4927 2986 4984 mellinuos
3020 4931 3230 4983 latices.

2342 5095 2417 5164 οὶ
2443 5127 2582 5164 creto
2609 5124 2819 5166 sanato.

1862 5221 1998 5275 Cum
2033 5223 2097 5275 ad
2128 5238 2249 5277 eum
2306 5225 2642 5293 quandoque
2685 5242 2862 5278 circus
2905 5227 3127 5293 quidam
3157 5270 3170 5292 ,
3223 5242 3367 5280 emo

1793 5314 1934 5370 illia
1992 5315 2288 5369 nativitate
2318 5309 2517 5370 similis
2562 5321 2608 5377 ν,
2638 5317 2953 5370 accessisset
2993 5320 3236 5371 clamans
3281 5323 3364 5372 ili-

1793 5424 2042 5475 censque
2079 5426 2090 5462 :
2127 5407 2293 5463 Serve
2317 5409 2412 5463 Dei
2445 5408 2724 5468 altissimi,
2758 5410 2971 5479 Patapi,
3007 5427 3143 5464 sana
3176 5417 3367 5467 mulos

1795 5523 1982 5572 meos;
2017 5507 2171 5577 aperi
2203 5523 2380 5562 meam
2429 5508 2759 5568 cecitatem,
2797 5521 2861 5560 ac
2911 5523 2996 5561 me
3032 5508 3365 5561 obtenebra-

1803 5607 1916 5651 tum
1948 5588 2194 5653 illumina
2229 5617 2241 5653 :
2278 5601 2324 5654 si
2373 5599 2650 5668 quomodo
2683 5614 2778 5668 per
2817 5609 2870 5651 te
2908 5599 3100 5654 videns
3125 5642 3137 5666 ,
3173 5615 3366 5652 corum

2573 5759 2596 5790 ν
2628 5749 2788 5807 Joan.
2816 5767 2929 5818 xiv,
2970 5753 3058 5808 12.
3139 5761 3161 5792 ³
3194 5752 3366 5812 lCor.
