4176 6448
779 391 919 456 I223

1949 394 2015 456 S.
2054 387 2387 453 ANDREB
2413 387 2838 451 CRETENSIS

3986 370 4088 435 rat

777 517 902 572 quae
930 500 1111 558 oculis
1139 508 1269 558 sunt
1292 500 1561 571 subjecta,
1603 498 2093 555 conciunissimam
2122 515 2356 572 compo-

2471 497 2571 553 tth
2616 499 2917 571 ὁρωμένων
2970 496 3316 566 θεασάμενος
3355 492 3759 564 παναρμόνιον
3812 484 4086 537 eris-um,

781 594 1063 657 sitionem,
1102 595 1445 663 miratusque
1476 593 1739 649 eximiam
1784 608 1971 649 rerum
2013 594 2295 665 speciem,
2328 609 2359 649 a

784 688 1009 751 creatis,
1036 685 1354 742 Creatorem
1381 695 1784 757 auctoremque
1812 687 2030 742 laudem
2070 702 2234 741 :eum
2278 687 2362 741 vir

788 780 984 833 beatus
1008 779 1249 834 intuitus
1274 781 1426 850 gravi
1457 780 1801 836 laborantem
1843 779 2114 845 caecitate,
2152 779 2364 850 quique

786 871 1151 926 nihilominus
1177 871 1341 928 ﬁdem
1374 888 1497 942 quae
1524 870 1789 928 transfert
1820 879 2059 937 montes,
2112 871 2363 936 haberet,

782 964 835 1018 ei
878 965 1169 1035 respondit
1209 983 1222 1019 :
1264 965 1409 1032 Quid
1450 967 1516 1020 ad
1564 982 1652 1023 me
1696 966 1990 1031 accedens,
2040 980 2074 1019 ο
2115 965 2362 1036 juvenis,

781 1056 904 1110 dari
944 1058 1085 1127 petis
1128 1072 1250 1127 quae
1280 1066 1545 1127 superant
1577 1073 1755 1114 meam
1805 1056 2126 1113 facultatem
2151 1057 2179 1110 τ
2220 1055 2364 1123 Quid

784 1162 919 1202 vero
950 1148 1002 1202 in
1032 1164 1119 1203 me
1142 1150 1407 1219 aspexisti
1457 1149 1609 1215 boni,
1646 1165 1679 1206 ο
1722 1150 1911 1214 homo,
1943 1158 2006 1204 ut
2043 1164 2165 1205 eam
2204 1163 2235 1202 a
2278 1164 2366 1205 me

788 1256 949 1314 roges
984 1245 1235 1312 accipere
1266 1244 1610 1298 curationem
1664 1259 1829 1314 quam
1882 1244 2036 1299 solus
2080 1244 2368 1298 universo-

789 1349 910 1385 rum
941 1334 1197 1389 conditor
1236 1334 1402 1400 Deus,
1443 1325 1560 1402 ubi,
1607 1343 1660 1390 et
1707 1334 2023 1405 quomodo,
2062 1344 2118 1390 et
2165 1335 2369 1405 quibus

790 1422 908 1474 vult
944 1422 1297 1491 impertitur?
1323 1423 1529 1489 Quidui
1558 1424 1625 1477 ad
1656 1439 1781 1479 eum
1833 1423 2161 1480 recurristi?
2193 1423 2360 1489 Quid,

787 1514 999 1569 omisso
1039 1514 1325 1580 Creatore,
1363 1518 1430 1570 ad
1463 1527 1775 1572 creaturam
1811 1517 2056 1571 venisti?
2084 1514 2252 1582 Quid,
2280 1532 2368 1571 re-

789 1605 923 1659 licto
960 1605 1214 1667 Domino,
1253 1605 1321 1658 ad
1348 1621 1569 1660 servum
1601 1606 1955 1675 confugisti?
1991 1605 2193 1661 Nescis
2221 1605 2367 1659 indi-

789 1712 919 1763 gcrc
954 1711 1057 1751 nos
1085 1698 1389 1752 universim
1431 1698 1584 1753 illius
1616 1698 1859 1752 auxilio?
1888 1698 2114 1768 Ignoras
2143 1698 2291 1768 quod
2316 1704 2370 1751 et

786 1799 890 1853 ego
933 1785 1035 1837 sim
1088 1784 1253 1838 homo
1298 1785 1446 1839 sicut
1489 1794 1544 1839 et
1593 1786 1694 1840 tu?
1742 1784 1885 1852 Quid
1933 1801 2069 1856 ergo
2123 1787 2367 1856 exquiris

787 1879 937 1946 quod
982 1892 1089 1930 non
1133 1876 1261 1931 licet
1299 1877 1606 1947 praestare?
1629 1876 1775 1943 Quid
1811 1885 1979 1931 tantae
2020 1892 2107 1932 me
2140 1879 2368 1948 aegritu-

787 1973 936 2026 dinis
960 1971 1230 2025 medicum
1267 1973 1446 2040 cupis,
1476 1971 1639 2041 cujus
1665 1980 1879 2026 tantum
1906 1972 2168 2027 sanandae
2196 1973 2371 2027 virtu-

788 2070 898 2115 tem
936 2062 982 2116 is
1015 2063 1203 2131 largiri
1236 2064 1446 2132 possit,
1490 2066 1583 2133 qui
1636 2050 1767 2118 olim
1806 2064 2152 2139 'auctoritate
2183 2065 2368 2119 divina

789 2167 999 2205 caecum
1025 2154 1285 2207 sanavit?
1318 2155 1453 2209 Cum
1490 2154 1679 2210 verbis
1708 2154 1983 2224 ejusmodi
2026 2155 2109 2209 vir
2144 2166 2369 2212 sanctus

790 2244 1195 2298 adolescentem
1252 2245 1433 2301 lenius
1484 2247 1880 2311 submoveret,
1913 2263 1977 2301 ac
2005 2248 2159 2303 velut
2207 2248 2369 2302 bonis

788 2338 1141 2392 sermonibus
1174 2338 1497 2407 expelleret,
1524 2339 1729 2394 institit
1768 2340 1857 2394 ille
1892 2340 2092 2396 iterum
2119 2379 2134 2405 ,
2163 2355 2228 2395 ac
2266 2356 2397 2395 an-.

788 2430 1004 2499 tiquum
1046 2430 1198 2484 illum
1253 2431 1503 2486 imitatus
1542 2446 1751 2486 caecum
1778 2441 1826 2497 ι,
1883 2448 2082 2505 magna
2135 2436 2370 2505 supplex

788 2520 1051 2574 clamavit
1108 2536 1261 2583 voce.
1322 2522 1560 2577 dicens:
1598 2522 1864 2579 Miserere
1920 2526 2064 2593 mei,
2110 2541 2240 2581 vere
2278 2526 2370 2581 Dei

788 2628 973 2673 serve,
1007 2611 1219 2683 Patapi.
1250 2613 1375 2668 Tibi
1426 2616 1573 2669 enim
1622 2616 1711 2669 ille
1748 2631 1867 2671 eam
1930 2618 2164 2685 gratiam
2195 2616 2364 2671 dona-

788 2705 895 2771 vit,
925 2714 1133 2775 tuoque
1172 2706 1508 2772 ministerio,
1541 2723 1732 2762 verum
1770 2709 1905 2765 illud
1938 2709 2146 2773 lumen,
2174 2712 2370 2764 oculo-

788 2810 915 2850 rum
954 2796 1089 2849 milii
1136 2797 1486 2866 splendorem
1528 2797 1718 2852 donat.
1777 2791 2097 2866 Enimvero,
2147 2816 2239 2864 ne,
2285 2802 2372 2855 vir

791 2886 1352 2950 beate,cunctatione
1384 2888 1644 2943 fiduciam
1677 2890 1992 2955 obtuderis,
2018 2906 2155 2946 neve
2183 2890 2367 2946 distu-

789 2978 924 3035 leris
955 2981 1177 3045 donum,
1214 2989 1311 3035 aut
1340 2983 1512 3037 solem
1538 2974 1688 3040 nube
1714 2985 2087 3039 occultaveris
2114 3002 2127 3038 :
2161 2987 2255 3040 sed
2277 2985 2371 3056 qui

791 3071 983 3128 videas
1036 3072 1393 3129 aﬂlictionem
1429 3116 1445 3140 ,
1513 3076 1698 3146 prmhe
1748 3077 2071 3131 sanitatem.
2138 3075 2372 3132 Metiens

792 3164 977 3229 iidem,
1016 3166 1197 3221 tribue
1228 3175 1486 3237 gratiam.
1522 3167 1708 3224 Lance
1736 3169 1965 3239 exigens
2005 3167 2372 3234 desiderium,

788 3270 923 3310 cura
959 3258 1368 3326 :egritudiuem.
1416 3260 1560 3337 Quid
1589 3261 1756 3331 igitur
1793 3263 1877 3315 vir
1915 3262 2147 3319 beatus?
2171 3265 2371 3332 Habes,

790 3347 996 3417 inquit,
1024 3348 1231 3404 tidem?
1265 3349 1461 3406 Credis
1495 3350 1608 3406 Deo
1637 3352 1731 3420 qui
1773 3352 1941 3422 habet
1998 3355 2373 3422 potestatem?

790 3436 992 3492 Credis
1044 3440 1122 3492 illi
1159 3442 1251 3509 qui
1286 3450 1461 3496 sanat
1498 3457 1717 3497 omnem
1754 3443 2007 3498 morbum
2055 3452 2111 3498 et
2147 3460 2369 3500 onmem

792 3531 1155 3601 languorem?
1183 3534 1265 3588 Ad
1301 3535 1418 3590 haec
1465 3536 1665 3590 iterum
1700 3537 1834 3591 ille:
1869 3537 2073 3596 Credo.
2118 3537 2370 3603 Domine,

794 3636 861 3675 ac
891 3625 1127 3677 credens
1155 3628 1385 3685 accedo.
1426 3628 1495 3680 At
1528 3627 1790 3698 Patapius
1818 3646 1831 3682 :
1868 3627 1927 3682 In
1960 3629 2185 3683 nomine
2240 3628 2371 3684 Jesu

793 3714 1023 3781 Christi,
1065 3717 1161 3785 qui
1190 3719 1405 3773 curavit
1451 3734 1680 3783 ctecum,
1712 3721 1767 3774 in
1797 3736 1962 3789 quem
2003 3719 2235 3776 credens
2266 3720 2374 3776 huc

794 3808 1101 3871 aceessisti,
1128 3809 1239 3863 eris
1272 3810 1468 3864 videns
1500 3811 1698 3875 solem,
1732 3812 1885 3865 nullo
1915 3827 2153 3881 usquam
2200 3813 2375 3883 impe-

794 3901 1104 3955 dimentum
1142 3902 1441 3971 praebente.
1489 3902 1794 3958 Confestim
1830 3904 1999 3975 igitur
2028 3904 2150 3975 ejus
2194 3906 2372 3976 aperti

795 4001 929 4049 sunt
956 3994 1123 4056 oculi,
1168 3995 1514 4065 eﬂ‘ectusque
1543 4006 1629 4049 est
1658 4011 1830 4050 sanus
1864 3996 2209 4063 adolescens,
2241 4013 2306 4052 ac
2326 3999 2371 4055 si

794 4101 1076 4157 nunquam
1131 4088 1418 4143 habuisset
1470 4088 1632 4143 lassas
1680 4089 1938 4158 pupillas,
1971 4099 2067 4143 aut
2113 4092 2371 4146 morbum

794 4178 1066 4244 ejusmodi
1108 4194 1305 4248 passus
1352 4189 1522 4234 esset.
1575 4180 1800 4235 Demum
1857 4181 2098 4235 mirabili
2156 4182 2260 4236 hac
2316 4185 2372 4243 in

795 4286 923 4324 eum
959 4266 1102 4325 facta
1133 4274 1406 4334 sanitate,
1451 4272 1702 4328 videntes
1751 4273 1973 4344 quidem
2008 4274 2375 4333 admiratione

797 4363 996 4432 perciti
1029 4362 1200 4418 Deum
1232 4365 1597 4420 laudaverunt
1620 4383 1635 4433 ;
1661 4368 1758 4436 qui
1803 4380 1932 4420 vero
1964 4366 2148 4422 fuerat
2180 4383 2375 4439 sospes
2426 4406 2434 4419 .

796 4454 1046 4510 redditus
1091 4457 1226 4511 abiit
1274 4457 1523 4526 gaudens
1572 4459 1991 4528 exsultansque,
2040 4460 2278 4516 laudans
2311 4476 2375 4516 ac

797 4545 1114 4615 glorilicans
1168 4546 1379 4610 Deum,
1449 4550 1544 4619 qui
1615 4550 1825 4620 gratias
1873 4550 2213 4619 ejuscemodi
2252 4552 2374 4628 ad.

794 4652 996 4693 versus
1040 4639 1262 4696 morbos
1298 4641 1517 4697 sanctis
1550 4643 1668 4697 suis
1700 4644 1927 4713 prmbet.
1974 4642 2100 4697 Fuit
2131 4645 2235 4699 hoc
2270 4646 2374 4714 pri-

796 4743 947 4781 mum
989 4742 1019 4781 a
1060 4740 1255 4785 sancto
1284 4732 1493 4785 editum
1541 4734 1895 4788 miraculum.
1937 4733 2079 4789 Sunt
2116 4738 2196 4791 lia:
2252 4737 2373 4806 ejus

797 4820 1050 4875 laborum
1085 4823 1345 4892 primitias
1380 4844 1392 4878 :
1422 4839 1659 4895 quarum
1694 4841 1798 4881 nos
1849 4828 2165 4898 largitorem
2212 4829 2372 4884 Chri-

797 4921 965 4978 stum,
1000 4924 1365 4987 sanctumque
1396 4919 1686 4987 condignis
1722 4920 1959 4975 canticis
2003 4921 2366 4988 celebrantes,

795 4998 865 5055 ad
898 5002 1047 5057 aliud
1085 5004 1210 5060 hinc
1243 5006 1571 5062 miraculum
1596 5046 1611 5071 ,
1649 5015 2018 5065 transeamus.

1112 5300 1190 5356 De
1221 5302 1512 5372 hydropico
1541 5307 1768 5360 sanitati
1797 5310 2067 5363 restituto.

870 5412 1141 5469 Procedat
1174 5430 1335 5486 ergo,
1387 5432 1451 5472 ac
1486 5434 1545 5473 se
1588 5420 1824 5475 orationi
1876 5432 1997 5492 post
2041 5438 2373 5493 generosum

798 5506 953 5562 illum
1008 5506 1234 5571 inferat,
1291 5510 1452 5564 homo
1499 5512 1593 5568 ille
1644 5513 1713 5568 ab
1762 5513 2052 5583 liydropisi
2082 5516 2373 5571 sanitatem

800 5601 1055 5670 adeptus.
1091 5598 1220 5654 Fuit
1247 5602 1293 5656 is
1318 5592 1568 5660 incolens
1597 5604 1789 5661 urbem
1830 5608 2061 5681 regiam.
2087 5607 2224 5663 Cum
2273 5625 2375 5664 au-

798 5696 907 5745 lem
938 5708 1071 5747 casu
1104 5693 1159 5747 in
1204 5700 1328 5747 eum
1373 5696 1623 5753 morbum
1659 5699 1967 5766 incidisset,
2026 5700 2120 5755 illo
2168 5701 2373 5758 misere

871 5840 900 5871 ι
929 5831 1061 5891 Luc.
1104 5850 1260 5902 xviii,
1297 5835 1387 5891 38.

2463 591 2559 645 καὶ
2585 591 2877 661 θαυμάσας
2902 590 3086 643 αὐτῶν
3120 590 3180 642 τὸ
3212 588 3515 657 ἐξαίρετον,
3560 584 3842 654 ὑμνήσω
3872 578 3972 631 διὰ
4008 578 4088 628 τέπ

2412 732 2415 733 ,
2463 684 2791 754 κτισμάτων
2814 683 2907 735 τὸν
2936 683 3240 736 κτίσαντα.
3270 681 3475 733 Τοῦτον
3494 682 3523 731 ὁ
3551 676 3877 747 μακάριος
3911 668 4089 721 θεατά-

2468 790 2652 845 μενος,
2673 774 2865 837 δεινῶς
2882 775 2982 846 μὲν
3010 774 3117 827 ὑπὸ
3137 773 3231 826 τοῦ
3264 772 3431 840 ζόφου
3464 773 3546 833 εἰς
3578 765 3902 835 ἁόλεψῖαν
3932 765 4088 830 ἁμα-ε-

2468 865 2738 936 ρωθέντα,
2771 866 2959 919 πίστιν
3006 866 3065 918 δὲ
3113 864 3460 934 κεκτημένον
3504 863 3609 931 τὴν
3635 860 3763 929 ὅρη
3836 854 4087 908 ποιοῦσαι

2469 956 2865 1030 μεθίστασθαι,
2884 958 3023 1029 πρὶς
3050 958 3215 1010 αὑτὸν
3243 956 3606 1026 ἀπεκρίνατοο
3625 952 3707 1005 Τί
3732 967 3873 1019 μοι,
3901 948 4087 1005 νεα-ές,

2468 1047 2737 1120 προσιὼν,
2768 1048 2840 1103 τὰ
2872 1050 3013 1120 ὑπὲρ
3046 1049 3150 1119 ἐμὲ
3182 1048 3389 1101 διδόναι
3434 1045 3660 1115 ζητεϊς;
3717 1042 3799 1095 Τί
3838 1038 3964 1091 τῶν
3990 1039 4088 1104 σρὶο

2469 1158 2612 1196 στων
2641 1142 2702 1194 ἐν
2728 1143 2854 1210 ἐμοὶ
2880 1142 3245 1211 θεασάμενος,
3273 1139 3483 1209 ταύτην
3522 1136 3668 1207 παρ’
3705 1134 3873 1204 ἐμοῦ
3897 1131 4086 1192 λαϐεῖν,

2466 1234 2746 1306 ἄνθρωπε,
2776 1234 2877 1305 τὴν
2916 1233 3217 1305 θεραπείαν
3253 1234 3447 1296 αἰτεῖς,
3471 1230 3540 1301 ἢν
3578 1228 3765 1300 μόνος
3798 1227 3836 1277 ὁ
3864 1225 4087 1289 Κτίστης

2468 1326 2577 1379 τῶν
2621 1326 2761 1380 ὅλων
2811 1326 2965 1389 Θεὸς,
3004 1325 3154 1391 ἔνθα,
3196 1325 3294 1378 καὶ
3325 1324 3471 1386 ὅποι,
3530 1321 3633 1373 καὶ
3686 1314 3788 1380 οἷς
3850 1315 4085 1386 βούλεται

2468 1420 2745 1490 διανέμει;
2783 1421 2835 1473 τί
2870 1420 2963 1490 ’μὴ
3011 1419 3152 1490 πρὸς
3208 1420 3420 1470 ἐκεῖνον
3461 1415 3838 1483 ἀνέδραμες;
3900 1410 4081 1473 ΤΞ,τῶ

2471 1512 2717 1583 κτίστην
2738 1512 2923 1580 ἀφεὶς,
2952 1514 3047 1566 ὲπ)⁸
3076 1513 3136 1565 τὸ
3152 1512 3359 1580 κτίσμα
3392 1505 3714 1577 ὲλήλυθας;
3756 1505 3864 1567 ΤΞ,
3894 1502 3987 1554 τὸν
4010 1505 4085 1552 12-

2474 1603 2679 1674 σπότην
2713 1603 3056 1668 καταλιπὼν,
3077 1604 3216 1675 πρὸς
3242 1601 3335 1656 τδν
3357 1600 3543 1654 δοῦλον
3572 1599 3964 1666 γπτέερυτες;
3990 1596 4082 1645 0;:

2470 1692 2621 1759 οἶδας
2652 1697 2736 1750 ὅτι
2770 1699 2923 1767 κοινῇ
2953 1697 3157 1759 πάντες
3194 1696 3295 1766 τῆς
3350 1695 3563 1748 ἐκείνου
3612 1695 3810 1763 ἐσμὲν
3868 1692 4081 1749 ἐπιδεεὲ

2474 1774 2833 1858 συμμαχίας;
2869 1790 2983 1841 Ούκ
3010 1783 3159 1851 οἶδας
3185 1788 3269 1840 ὅτι
3308 1788 3403 1840 καὶ
3425 1786 3597 1849 αὐτὸς
3640 1784 3772 1851 ἐγὼ
3800 1784 4080 1851 ἄνθραξ-είς

2469 1879 2590 1949 είμι
2625 1879 2701 1942 ὠς
2728 1880 2826 1931 καὶ
2865 1877 2967 1944 σύ;
2996 1878 3062 1931 Τί
3098 1874 3191 1932 οὖν
3230 1879 3413 1947 ζητεῖς
3438 1876 3474 1930 ἃ
3501 1876 3797 1946 παρέχειν
3830 1877 3900 1928 οὐ
3935 1876 4077 1926 εὐνα·

2473 1987 2593 2041 μαι.
2632 1971 2697 2023 Τί
2745 1970 3006 2041 τοιαύτης
3057 1970 3234 2033 θέλεις
3280 1987 3346 2040 με
3377 1971 3537 2023 νόσου
3583 1969 3882 2037 γενέσθαι
3929 1968 4075 2033 θεραο

2470 2063 2697 2134 πευτὴν,
2727 2059 2795 2133 ἦς
2827 2063 2890 2116 τὸ
2946 2063 3210 2116 δύνασθαι
3256 2063 3418 2131 μόνος
3471 2064 3692 2125 ἐκεῖνος
3724 2062 3857 2132 ἔχει
3899 2062 4073 2129 δωρεῖ-

2471 2154 2599 2209 σθαι
2633 2155 2730 2225 τὴν
2757 2157 2922 2219 ῐασιν,
2951 2158 2978 2210 ὁ
3007 2158 3102 2210 καὶ
3127 2156 3256 2226 πρὶν
3288 2155 3379 2209 τὸν
3401 2156 3607 2225 τυφλὸν
3642 2157 3729 2219 ὡς
3764 2156 3913 2217 Θεὸς
3940 2156 4074 2207 tui-

2474 2264 2658 2318 μενος.
2691 2246 2918 2311 Τούτοις
2968 2248 3066 2318 μὲν
3098 2249 3195 2301 τοῦ
3230 2250 3377 2302 ὁσίου
3407 2252 3523 2309 τοῖς
3569 2251 3841 2320 ῥήμασιν
3893 2253 4073 2303 ἀποξε-

2473 2337 2695 2402 6οὖντος
2723 2339 2906 2410 ἠρέμα
2928 2340 3018 2393 τὸν
3047 2340 3291 2403 νεανίαν,
3334 2341 3430 2393 καὶ
3453 2344 3731 2412 χρηστοῖς
3778 2336 3875 2395 οἷα
3911 2344 4075 2409 ὶότςς

2472 2432 2635 2484 αὑτὸν
2658 2433 3048 2499 -ὲκδιὼκοντος,
3092 2436 3302 2497 ἐκεῖνος
3333 2431 3488 2497 αὖθις
3531 2435 3835 2501 ἐνίστατο,
3869 2438 3971 2490 καὶ
4002 2438 4075 2489 τὲν

2472 2521 2605 2591 πρὶν
2637 2521 2840 2588 τυφλὸν
2889 2523 3329 2593 ἐκμιμούμενος,
3389 2526 3607 2594 μεγάλα
3668 2527 3825 2597 βοῶν
3860 2530 4073 2581 καθικέο

2472 2626 2620 2663 τευε·
2668 2610 2927 2680 Ἐλέησόν
2954 2628 3043 2680 με,
3071 2613 3270 2680 λέγων.
3308 2607 3352 2665 ὦ
3376 2615 3569 2682 γνήσιε
3605 2615 3707 2667 τοῦ
3748 2615 3896 2668 Θεοῦ
3928 2615 4076 2684 θερά-

2474 2721 2593 2757 πων
2624 2704 2897 2756 Πατάπιε.
2924 2704 3017 2756 Σοὶ
3043 2704 3155 2775 γὰρ
3181 2705 3388 2775 ταύτην
3419 2708 3634 2769 ἐκεῖνος
3664 2708 3779 2775 τὴν
3813 2710 3979 2777 χάριν
4000 2708 4073 2759 δε-

2471 2793 2734 2865 δώρηται,
2764 2796 2861 2850 καὶ
2896 2795 2988 2849 διὰ
3039 2795 3159 2859 σοῦ,
3205 2793 3293 2866 μοὶ
3328 2799 3388 2849 τὸ
3422 2798 3538 2866 φῶς
3565 2797 3629 2850 τὸ
3663 2798 3943 2869 ἀληθινὸν
3992 2802 4073 2867 τὴν

2473 2888 2652 2960 αὐγὴν
2682 2889 2940 2958 δωρεῖται
2966 2890 3076 2944 τῶν
3116 2889 3439 2960 ὀφθαλμῶν.
3485 2891 3657 2945 Ἀλλὰ
3691 2894 3777 2961 μὴ
3813 2895 3963 2962 Erat?
3990 2894 4073 2961 τήν

2476 2982 2798 3054 παρρησίαν
2847 2982 3155 3054 ἀμϐλύνῃς,
3210 2984 3542 3053 μακαριστὲ,
3594 2985 3743 3053 μηδὲ
3792 2986 4076 3044 ἁναῦοὶτῐς

2473 3069 2573 3140 τὴν
2622 3069 2835 3140 δωρεὰν
2882 3071 3232 3140 ύπερτίθεσο,
3266 3074 3404 3143 μήτε
3434 3073 3640 3145 νεφέλῃ
3682 3076 3955 3146 xui-5:”;
4000 3076 4074 3127 τὶν

2398 3177 2441 3235 ο
2473 3162 2645 3234 ἥλιον
2681 3164 2800 3219 ἀλλ’
2832 3163 2956 3217 ἰδών
3008 3182 3115 3235 μου
3163 3164 3264 3234 τὴν
3312 3164 3583 3227 κάκωσιν,
3641 3170 3956 3237 παράσχου
3993 3168 4074 3234 τὴν

2478 3256 2646 3310 ῐασιν.
2672 3258 2976 3328 Μετρήσας
3012 3274 3115 3327 μου
3149 3256 3248 3325 τὴν
3279 3257 3483 3322 πίστιν,
3539 3257 3690 3310 δίδου
3742 3261 3858 3327 τὴν
3909 3262 4069 3330 χάριν.

2476 3348 2895 3417 Ζυγοστατήσας
2928 3364 3028 3417 μου
3063 3347 3157 3400 τὸν
3187 3346 3375 3412 πόθον,
3399 3346 3757 3416 θεράπευσον
3789 3351 3890 3403 τον
3910 3353 4071 3404 πόσον.

2475 3439 2540 3491 Τί
2569 3432 2725 3493 οὗν-ό
2767 3440 3075 3509 μακάριος;
3100 3440 3290 3511 ξΈχεις
3330 3440 3550 3505 stic-av;
3584 3443 3753 3511 φησί.
3801 3445 4069 3503 Πιστεύεις

2473 3530 2552 3600 τῷ
2592 3531 2691 3602 τὴν
2738 3530 2989 3595 ἐξουσίαν
3021 3532 3198 3601 ἔχοντι
3236 3530 3385 3601 Θεῷ;
3426 3533 3730 3597 Πιστεύεις
3790 3537 3881 3604 τῷ
3930 3536 4070 3604 θερα-

2475 3622 2699 3674 πεύοντι
2728 3624 2912 3675 πᾶσαν
2937 3623 3096 3676 νόσον
3118 3623 3211 3676 καὶ
3236 3625 3417 3676 πᾶσαν
3452 3624 3739 3692 μαλακίαν
3764 3643 3781 3689 ;
3817 3630 4068 3686 Κάκεῖνος

2475 3708 2637 3776 αὖθίς
2673 3730 2827 3782 φησι·
2857 3714 3126 3779 Πιστεύω,
3166 3713 3362 3784 Κύριε,
3398 3714 3492 3767 καὶ
3522 3716 3823 3769 πιστεύων
3858 3720 4070 3790 7:953:9-

2476 3822 2666 3876 χομαι.
2700 3806 2759 3859 '0
2810 3805 2869 3858 δὲ
2918 3806 3055 3877 πρὸς
3099 3806 3285 3859 αὐτόν·
3346 3806 3435 3858 Ἐν
3472 3806 3551 3875 τῷ
3598 3808 3859 3878 ὀνόματι
3918 3808 4066 3877 Ἱητοί

2476 3898 2718 3968 Χριστοῦ
2755 3898 2848 3952 τοῦ
2872 3897 2965 3952 τὸν
2994 3898 3195 3967 τυφλὸν
3221 3898 3698 3970 θεραπεύσαντος,
3725 3905 3817 3966 εἰς
3843 3906 3907 3957 ὃν
3938 3906 4068 3957 ἐνθά-

2475 3991 2534 4044 δε
2561 3990 2945 4054 πεπιστευκὼς
2976 3991 3383 4062 παραγέγονας,
3414 3991 3513 4064 ἔσῃ
3549 3992 3784 4061 βλέπων
3824 3998 3924 4051 τὸν
3946 4001 4065 4066 ἦὶιω

2480 4084 2796 4155 μηδαμόθεν
2843 4085 3187 4153 εἰργόμενος.
3254 4083 3466 4137 Αὐτίκα
3515 4084 3654 4151 γοῦν
3721 4090 4067 4161 ἡνεῴχθηειί

2476 4166 2643 4226 αὑτοῦ
2675 4175 2725 4226 οἱ
2751 4172 3042 4243 ὀφθαλμοὶ,
3068 4177 3164 4226 καὶ
3196 4174 3424 4243 γέγονεν
3455 4175 3615 4245 ὑγιὴς
3652 4180 3685 4229 ὁ
3716 4184 3977 4245 νεανίας,
4008 4183 4068 4241 1;;

2480 4265 2709 4337 μηδέπω
2736 4265 3016 4336 πηρωθεὶς
3039 4265 3139 4330 τὰς
3170 4266 3340 4336 κόρας
3361 4264 3472 4317 τῶν
3485 4266 3831 4338 όιξθαλμῶν,
3860 4273 3895 4342 ἦ
3928 4274 4068 4327 22:5;-

2475 4376 2569 4411 του
2601 4358 2808 4422 πάθους
2864 4361 2923 4412 ἐν
2969 4360 3137 4430 πείρα
3172 4358 3491 4427 γενόμενος.
3563 4360 3835 4429 Ἀμέλει,
3889 4366 4067 4430 uita;

2477 4452 2555 4513 είς
2588 4451 2752 4506 αὑτὸν
2782 4450 2885 4520 τῆς
2915 4450 3223 4531 τξαραδόξου
3252 4450 3555 4519 γενομένης
3604 4454 3848 4521 ἰάσεως,
3891 4462 3941 4510 οἱ

2478 4544 2737 4614 ὁρῶντες,
2764 4543 2859 4597 τὸν
2887 4542 3023 4596 Θεδν
3054 4542 3328 4614 ἁνύμνουν
3359 4541 3772 4612 θαυμάζοντες.
3818 4551 3885 4602 '0
3916 4552 3971 4604 δὲ
4002 4569 4067 4602 τά.

2479 4640 2590 4712 χὼν
2624 4640 2724 4710 τῆς
2762 4639 2980 4705 ἰάσεως,
3006 4641 3171 4712 ἀπῄει
3196 4641 3449 4712 γεγηθὼς
3481 4642 3574 4693 καὶ
3595 4646 3774 4709 γαννύ
3786 4664 3981 4715 μενος,
4008 4650 4066 4699 αἰ-

2478 4734 2586 4788 νῶν
2612 4733 2705 4786 τὸν
2741 4732 3013 4785 Sabmiani.
3057 4731 3299 4796 δοξάζων
3334 4732 3427 4785 τὸν
3454 4732 3688 4786 τοιαῦτα
3726 4741 3854 4800 τοῖς
3912 4742 4065 4807 ἁγίοις

2479 4822 2647 4878 αὐτοῦ
2685 4823 3000 4895 παρέχοντα
3029 4823 3172 4877 κατὰ
3200 4823 3311 4877 τῶν
3351 4826 3683 4894 νοσημάτων
3734 4831 4049 4901 lapis-p.22:

2479 4916 2652 4987 Τοῦτο
2694 4917 2912 4988 πρῶτον
2959 4915 3052 4969 τοῦ
3086 4917 3259 4979 ⁷ὁσίου
3313 4916 3507 4985 γέγονε
3557 4917 4063 4992 θαυματούργημλ·

2481 5010 2623 5079 αὕτη
2644 5009 2808 5064 αὑτοῦ
2842 5004 2953 5063 τῶν
2982 5010 3160 5063 πόνων
3189 5011 3223 5079 ἡ
3256 5010 3502 5079 ἀπαρχὴ.
3526 5003 3639 5072 Ἧς
3669 5013 3843 5081 ἡμεῖς
3880 5016 3973 5068 τὸν
3998 5016 4064 5066 ξο-

2481 5103 2628 5173 τῆρα
2673 5103 2935 5173 Χριστὸν,
2971 5090 3065 5157 καὶ
3093 5105 3184 5157 τὸν
3228 5106 3377 5160 ὅσιον
3425 5105 3667 5169 ἐπαξίως
3704 5108 4061 5176 ὑμνήσαντες.

2484 5200 2569 5268 ἐφ’
2605 5197 2801 5268 ἑτέραν
2829 5197 3079 5252 ἐντεῦθεν
3102 5198 3552 5271 θαυματουργξαν
3586 5200 3977 5270 μετελθωμεν.

2688 5292 2689 5295 η
2746 5308 2885 5377 Περὶ
2904 5295 3026 5377 ,τῆς
3052 5308 3270 5377 ίὰσεως
3294 5310 3403 5363 τοῦ
3433 5293 3824 5377 ὺδεριῶντςς.

2554 5418 2757 5481 Εἰσίτω
2780 5418 2960 5472 τοίνυν
2982 5418 3061 5490 τῷ
3088 5419 3232 5490 λόγῳ
3264 5422 3404 5492 μετὰ
3426 5421 3517 5483 τὸν
3536 5422 3815 5488 γεννάδαν
3851 5426 4057 5477 ἐκεῖνον.

2482 5514 2511 5567 ὁ
2542 5513 2739 5584 ὑδερίῳ
2776 5511 2935 5579 πάθει
2960 5513 3293 5583 νενοσηκὼς,
3324 5515 3422 5568 καὶ
3453 5516 3555 5583 τῆς
3590 5513 3910 5584 θεραπεέας
3950 5519 4059 5568 ἀτο-

2483 5605 2786 5668 λελαυκὼς.
2818 5607 2933 5681 ξΓὴν
2966 5606 3214 5675 βασιλίδα
3235 5608 3640 5660 κατοικούντων
3668 5609 3992 5678 ἐτύγχανεν*
4012 5607 4054 5669 6;

2488 5704 2545 5755 ὲν
2576 5686 2995 5770 συμϐεϐηκότος
3035 5701 3117 5763 εἰς
3166 5698 3393 5769 ὓδρωπα
3441 5692 3749 5770 gnatam,
3798 5700 4053 5771 δυστιχῶς
