4176 6448
160 361 299 432 1229

1440 361 1518 417 1N
1562 362 1621 417 S.
1666 356 2070 416 PATAPIUM.

3251 359 3380 424 1230

156 478 288 545 περὶ
315 476 406 529 τοῦ
442 474 714 543 μακαρίου
748 471 1048 534 ἀκούσασα,
1088 470 1359 538 δρομαίως
1389 470 1526 538 πρὸς
1555 469 1717 521 αὑτὸν
1747 497 1759 534 j

1862 468 1884 520 θ
1917 483 2036 520 eam
2067 467 2166 520 viri
2215 468 2359 522 beati
2414 469 2554 524 fatua
2589 471 3034 540 percrebuisset,
3078 470 3275 525 festina
3313 477 3384 526 ad

156 564 539 633 παραγίνεται,
589 563 681 614 καὶ
729 564 841 622 τοίς
896 560 1020 612 ποσί
1066 559 1164 628 τὴν
1223 557 1465 625 κεφαλὴν
1513 555 1715 607 ὑποκύ-

158 671 387 716 πτουσα,
427 653 533 704 τῶν
562 652 800 718 γονάτων
829 653 1121 718 ἐφήπτετο,
1171 650 1261 699 καὶ
1288 648 1464 699 τοιάεε
1514 645 1718 714 γοερῶς

159 744 538 806 ἁντιῦολοῦσα,
587 743 869 811 ἐδυσφόρει
907 741 998 792 καὶ
1031 739 1186 804 ἔλεγε
1212 752 1224 764 ·
1277 736 1438 787 Δοῦλε
1471 738 1562 786 τοῦ
1587 734 1720 786 Ε)εοῦ

159 835 268 884 τῶν
296 835 453 895 ὅλων,
490 833 757 890 Πατὰπιε,
786 830 932 882 ἵασαί
967 847 1030 896 με
1055 830 1150 898 τὴν
1179 829 1457 894 δύστηνον,
1490 827 1585 894 τὴν
1625 827 1724 877 πά-

164 941 261 991 σης
320 924 522 992 ἔρημον
561 922 831 991 βοηθείας.
883 922 1032 972 Δίδου
1089 920 1260 990 δῶρον
1306 921 1364 969 τὸ
1412 919 1720 985 φάρμακον.

164 1015 331 1066 Οὐδέν
355 1032 441 1082 μοι
469 1014 576 1080 γὰρ
605 1013 1011 1065 ὑπολέλειπται.
1033 1012 1216 1062 Πάντα
1243 1013 1318 1071 εἰς
1351 1011 1566 1076 ἰατροὺς
1591 1024 1724 1058 κατ-

165 1105 436 1172 ηνάλωσα,
469 1104 629 1169 ἄλγος
671 1102 868 1172 μᾶλλον
899 1102 930 1170 ἢ
969 1103 1255 1170 φάρμακον
1308 1098 1723 1165 ὲγκολπώσασα.

165 1194 524 1261 Μεμνημένος
543 1189 634 1245 οὖν
664 1192 758 1244 τοῦ
786 1193 988 1261 Κυρίου
1017 1192 1284 1258 λέγοντος
1325 1209 1341 1240 ι
1371 1188 1587 1258 Δωρεὰν
1610 1187 1728 1238 ἐλά·

169 1283 315 1345 σετε,
343 1283 551 1353 δωρεὰν
585 1282 725 1346 δότε,
766 1301 785 1333 ι
839 1282 989 1334 ἰασαί
1023 1299 1111 1350 με,
1136 1283 1233 1350 τὴν
1257 1282 1452 1341 διττοῖς
1506 1279 1726 1329 ὑποκει-

172 1375 342 1442 μένην
372 1374 586 1425 ἕλκεσιν
609 1390 622 1404 ο
656 1373 937 1442 ἀρρωστίᾳ
975 1374 1066 1423 καὶ
1097 1371 1281 1440 πενίᾳ..
1314 1370 1404 1422 Διὸ
1429 1367 1624 1435 διπλῆν
1652 1369 1733 1417 αἰ-

168 1463 247 1514 τῶ
276 1464 374 1530 τὴν
405 1464 671 1514 ἀντίδοσιν
695 1478 709 1493 ο
747 1461 1189 1529 ἀλεξιφάρμακον
1235 1463 1375 1511 ἰάσιν
1399 1497 1412 1520 ,
1461 1458 1553 1508 καὶ
1591 1456 1733 1507 δόσιν

171 1555 501 1624 ἁνάργυρον.
551 1553 706 1605 Οὕτω
748 1553 856 1620 γάρ
888 1569 972 1604 σοι
1016 1552 1223 1604 κελεύει
1249 1551 1447 1603 διδόναι
1475 1549 1533 1600 τὸ
1576 1549 1732 1616 χάριο

173 1663 310 1716 σμα,
346 1645 439 1697 καὶ
466 1643 607 1695 οὕτω
656 1661 722 1712 με
754 1643 1050 1711 λαμὸἁνειν
1087 1640 1545 1708 παρακελεύεται.
1591 1634 1650 1687 Ὀ
1680 1636 1736 1686 δὲ

175 1737 467 1805 μακάριος,
497 1733 686 1804 ὥσπερ
736 1733 1070 1801 κατελεήσας
1123 1731 1310 1800 αὐτὴν,
1361 1727 1733 1797 ἁπεκλρίνατοο

175 1828 238 1878 Εἰ
266 1825 543 1886 πιστεύεις
578 1824 657 1892 τῷ
698 1827 799 1890 τὴν
827 1824 1074 1886 ἐξουσίαν
1117 1823 1312 1892 ἔχοντι,
1348 1820 1485 1882 ἕξεις
1519 1817 1609 1870 τοῦ
1649 1818 1745 1868 πό-

1862 1816 1915 1866 it
1964 1816 2046 1867 vir
2091 1815 2308 1877 beatus.
2353 1818 2662 1872 miserantis
2692 1822 2880 1889 specie
2919 1840 2930 1874 :

142 1917 269 1972 ,θου
300 1917 358 1968 τὸ
385 1916 577 1984 πέρας.
608 1915 666 1966 Εἰ
699 1915 880 1966 πίστιν
903 1914 1048 1982 ἔχεις
1075 1912 1344 1981 εἰλικρινῆ
1375 1908 1742 1972 καὶδιάθεσιν,

174 2007 273 2078 ἔσῃ
305 2009 466 2077 ὑγιὴς
496 2007 587 2059 καί
615 2007 936 2077 ἀνάλγητος.
983 2006 1046 2057 Ἠ
1083 2005 1139 2056 δὲ
1166 2004 1433 2073 ταυρηδὸν
1473 2002 1621 2065 ἐϐόα,
1652 2002 1748 2053 καὶ

175 2098 328 2166 ἔλεγε
353 2114 365 2126 ·
423 2100 608 2150 Πίστει
667 2100 1070 2168 προσέρχομαι,
1101 2097 1374 2149 δέσποτασ
1433 2095 1609 2146 πίστει
1647 2093 1748 2161 τὴν

178 2188 320 2239 ἴασιν
361 2187 658 2256 κομίσομαι
685 2202 698 2215 ·
747 2188 820 2256 μὴ
864 2184 957 2239 οὖν
1003 2185 1414 2256 ἀποστραφείην
1448 2187 1480 2253 ἡ
1521 2185 1748 2236 τάλαινα

178 2277 256 2347 μὴ
286 2277 525 2329 λαϐοῦσα
555 2277 649 2329 τοῦ
682 2277 874 2340 ἕλκους
907 2279 1002 2348 τὴν
1037 2279 1181 2330 ῐασιν
1207 2295 1220 2308 ’
1257 2279 1332 2347 μὴ
1370 2277 1530 2330 πάλιν
1566 2276 1748 2328 οἴκαδε

174 2374 266 2424 τὸν
300 2373 556 2438 καρκίνον
586 2371 897 2440 κεκτημένη
929 2370 1267 2443 πορεύσομαι
1295 2385 1306 2397 ·
1344 2370 1404 2421 οὐ
1448 2370 1556 2439 γὰρ
1592 2369 1748 2438 φέρω

177 2463 275 2524 τὰς
323 2461 642 2530 ἀλγηδόνας.
695 2462 770 2512 Οὑ
820 2462 997 2528 στέγω
1035 2462 1162 2523 τοὺς
1213 2461 1536 2530 αἰκισμούς·
1591 2461 1750 2529 μέχρι

179 2555 374 2625 βάθους
406 2554 630 2623 καρδίας
661 2553 963 2623 σπαράττει
995 2571 1058 2622 με
1083 2568 1097 2582 ·
1128 2553 1298 2622 αὐτήν
1328 2571 1428 2622 μου
1459 2555 1555 2622 τὴν
1576 2553 1751 2621 ψυχὴν

178 2650 401 2719 ἐκτήκει
428 2649 489 2699 τὸ
512 2647 724 2715 νόσημα
751 2662 763 2674 °
795 2646 927 2697 ἁλλὰ
953 2645 1143 2713 δέομαί
1169 2662 1285 2708 σου,
1312 2645 1530 2713 ἐλέησόν
1562 2661 1628 2712 με
1655 2645 1753 2712 τὴν

176 2740 393 2802 ἀθλίαν.
436 2738 491 2788 '0
513 2737 569 2788 δὲ
602 2735 874 2806 ραγδαίως
899 2735 1068 2802 αὐτὴν
1103 2735 1209 2786 ὑπὸ
1232 2735 1325 2786 τοῦ
1361 2737 1563 2794 πάθους
1592 2734 1754 2800 ἀλγυ-

176 2830 416 2896 νομένην
467 2826 746 2893 ἑωρακὼς,
797 2826 1103 2894 ἐπέτρεπεν
1137 2825 1495 2876 ἐπιδεικνύειν
1529 2827 1620 2876 τὸν
1663 2824 1753 2875 τό-

177 2936 283 2972 πον
319 2917 414 2970 τοῦ
444 2917 769 2986 νοσήματος.
813 2917 924 2968 Καὶ
961 2916 1026 2985 δὴ
1072 2916 1170 2985 τὴν
1210 2917 1372 2983 ἁγίαν
1403 2915 1567 2968 αὐτοῦ
1598 2919 1755 2984 χεῖρι

177 3009 389 3070 ἐπιθεὶς
419 3009 496 3076 τῷ
528 3007 704 3076 μαζῷ,
752 3005 846 3058 καὶ
899 3006 997 3074 τὴν
1044 3005 1318 3072 σφραγίδσ.
1363 3003 1456 3056 τοῦ
1516 3002 1754 3072 σταυροῦ

179 3100 575 3167 ποιησάμενος,
605 3097 733 3149 ἔνθα
767 3095 861 3148 τοῦ
900 3096 1159 3166 καρκίνου
1184 3096 1245 3147 τὸ
1272 3095 1445 3156 πάθος
1471 3097 1752 3164 ἐτύγχανε,

179 3193 320 3259 φησί
368 3192 500 3259 πρὸς
545 3191 712 3257 αὑτήν
740 3205 751 3216 ·
795 3189 854 3240 ’0
879 3187 1030 3248 Θεὸς,
1073 3181 1118 3239 ὦ
1169 3186 1354 3253 γύναι,
1381 3189 1458 3249 εἰς
1493 3188 1550 3239 ὃν
1579 3191 1641 3239 σὺ
1672 3205 1760 3238 πι·

181 3281 460 3334 στεύσασα
511 3281 647 3347 πρὸς
694 3282 842 3349 ἡμᾶς
879 3279 1283 3348 παραγέγονας,
1315 3277 1479 3340 αὑτός
1530 3295 1621 3330 σου
1663 3279 1759 3348 τὴν

181 3377 374 3428 πίστιν
427 3373 758 3443 δεξάμενος,
809 3374 1206 3442 ἁνταμείψεται
1257 3372 1350 3424 τοῦ
1408 3373 1611 3434 πάθους
1662 3373 1760 3441 τὴν

184 3468 335 3520 ἴασιν
365 3483 377 3495 ⁸
413 3469 446 3535 ἡ
501 3468 598 3534 μὲν
627 3467 735 3534 γὰρ
771 3465 953 3526 πίστις
982 3482 1098 3526 σου,
1124 3465 1372 3534 τολμηρὰ
1398 3481 1456 3516 τε
1492 3466 1584 3516 καί
1611 3464 1761 3527 ζέου-

182 3573 278 3608 ea:
298 3557 354 3608 τὸ
385 3556 440 3606 δὲ
469 3555 660 3619 πάθος,
695 3555 931 3623 χαλεπόν
961 3571 1018 3606 τε
1043 3555 1137 3606 καὶ
1163 3553 1434 3605 δυσίατον.
1478 3553 1620 3603 Ἀλλ’
1653 3571 1669 3601 ι
1697 3553 1758 3603 ἸΙ

181 3649 373 3708 πίστις
407 3627 500 3698 σου
535 3647 742 3698 σέσωκέ
777 3663 859 3706 σε,
906 3645 1142 3716 πορεύου
1177 3647 1257 3707 εἰς
1301 3646 1546 3712 εἰρήνην.
1581 3663 1597 3694 ι
1652 3645 1762 3695 Καὶ

183 3738 433 3809 ἀπῆλθεν
465 3741 497 3807 ἠ
527 3739 686 3806 γυνὴ,
715 3739 843 3807 ὑγιῆ
877 3738 1113 3790 λαϐοῦσα
1135 3738 1226 3790 τὸν
1266 3736 1434 3806 μαζὸν
1475 3735 1568 3787 καὶ
1599 3735 1760 3788 ὰνὰλ-

182 3849 378 3901 γητον,
416 3831 714 3895 δοξάζουσα
751 3831 841 3883 τὸν
875 3830 1030 3892 Θεὸν,
1061 3831 1152 3882 τὸν
1195 3831 1280 3882 ἁεί
1308 3830 1621 3898 παρέχοντα
1651 3830 1759 3889 τοῖς

185 3922 367 3991 ἁγίοις
395 3922 504 3974 τῶν
529 3924 774 3991 ἰαμάτων
801 3924 898 3991 τὴν
932 3922 1185 3990 δύναμιν.

262 4098 448 4151 Ταῦτα
475 4096 570 4150 τοῦ
615 4097 770 4163 ἁγίου
817 4096 1097 4149 Παταπίου
1152 4094 1219 4146 τὰ
1267 4094 1543 4162 θαύματα.
1578 4093 1764 4146 Ταῦτα

185 4188 303 4243 τῶν
336 4191 546 4242 ἐκείνου
579 4189 757 4241 πόνων
792 4189 859 4242 τὰ
899 4188 1134 4240 ἔπαθλα·
1172 4186 1307 4254 αὕτη
1345 4187 1378 4255 ἡ
1430 4187 1627 4255 μερικὴ
1655 4185 1763 4237 τῶν

186 4284 288 4336 ὑπ’
319 4281 481 4335 αὑτοῦ
507 4284 812 4350 γενομένων
845 4281 1145 4352 τεραστίων
1170 4279 1442 4348 διήγησις.
1474 4279 1764 4341 Τοιαύταις

185 4373 450 4440 ἁμοιδαίς
482 4374 604 4434 τοὺς
645 4371 838 4424 ἑαυτοῦ
870 4370 1209 4440 θεράποντας
1239 4372 1266 4421 ὁ
1307 4369 1580 4436 Δεσπότης
1617 4369 1764 4436 φιλο-

186 4467 450 4532 τιμεῖται.
500 4481 518 4514 t
555 4464 642 4514 Ἑν
690 4462 799 4530 γὰρ
846 4461 920 4530 τῷ
966 4460 1190 4529 ὀνόματί
1224 4478 1347 4529 μου,
1399 4462 1583 4528 φησὶν,
1616 4461 1643 4511 ὃ
1671 4460 1765 4511 ἐὰν

187 4557 458 4625 αἰτήσητε
495 4555 645 4622 παρὰ
684 4554 776 4606 τοῦ
807 4555 1018 4621 Πατρός
1054 4571 1175 4621 μου,
1218 4553 1381 4605 δώσει
1434 4553 1622 4621 Opimi
1658 4552 1768 4604 Καὶ

183 4647 263 4702 τὰ
296 4647 394 4715 μὲν
429 4648 571 4698 κατὰ
609 4645 707 4714 τὴν
738 4644 1021 4713 παροῦσαν
1060 4645 1205 4714 ζωὴν
1238 4645 1388 4713 παρὰ
1422 4643 1556 4696 Θεοῦ
1583 4641 1659 4712 τῷ
1686 4642 1768 4694 δι-

186 4739 335 4804 καίῳ
372 4737 748 4807 δεδωρημένα,
780 4736 1008 4789 τοιαῦτα
1028 4754 1041 4768 ·
1067 4738 1135 4790 τὰ
1165 4737 1219 4789 δὲ
1264 4735 1400 4805 μετὰ
1433 4736 1529 4806 τὴν
1558 4734 1768 4786 ἐνθένδε

189 4830 552 4900 μετάστασιν,
585 4824 673 4880 οἷα
705 4829 799 4881 καὶ
831 4830 928 4881 ὃσα
956 4846 970 4860 ο
1006 4829 1040 4882 ὃ,
1067 4830 1160 4881 καὶ
1210 4829 1370 4897 μέχρι
1401 4829 1494 4879 τοῦ
1530 4826 1623 4878 νῦν
1652 4826 1771 4896 ᾄδε-

186 4937 285 4973 ται
315 4919 744 4990 τραγῳδιιύμενα
779 4935 791 4947 ·
823 4919 858 4973 ἃ
883 4919 973 4973 διὰ
998 4921 1096 4990 τὴν
1127 4919 1222 4972 τοῦ
1245 4921 1402 4988 λόγου
1437 4920 1767 4988 παράτασιν,

188 5012 400 5081 ἀρτίως
430 5011 832 5081 ἐπιμνησθῆναι
861 5013 961 5064 οὑκ
1007 5012 1227 5082 ἔκρινα,
1268 5014 1340 5081 μή
1383 5028 1499 5074 πως
1528 5010 1603 5079 τῷ
1637 5010 1771 5081 πλή-

187 5107 279 5158 Θει
305 5105 413 5157 τῶν
445 5105 741 5175 θαυμάτων
769 5106 848 5166 εἰς
877 5105 1136 5158 ἀπιστίαν
1190 5104 1396 5157 έλθοιέν
1439 5121 1603 5167 τινες,
1632 5104 1770 5173 ὅπερ

184 5198 294 5249 οὑκ
325 5196 569 5264 ἄμεινον.
621 5196 760 5248 ’Δλλ⁹
802 5198 984 5249 ἐκεῖνα
1032 5197 1268 5266 στόμασι
1321 5197 1419 5265 μὲν
1466 5194 1770 5266 ἀνθρώπων

183 5288 421 5355 ἀφέντες
453 5287 715 5359 ᾀδόμενα,
742 5288 862 5358 Θεῷ
895 5289 952 5341 δὲ
989 5289 1155 5358 μόνῳ,
1200 5289 1278 5359 τῷ
1323 5289 1389 5341 δι’
1421 5282 1483 5343 οὗ
1513 5290 1771 5357 γεγόνασι

182 5381 602 5452 γινωσκόμενα,
654 5380 887 5433 ἐνταῦθα
933 5380 1024 5434 τὸν
1082 5381 1241 5450 λόγον
1297 5381 1769 5452 καταπαύσωμεν,

188 5475 368 5547 μικρὰ
398 5475 667 5544 πρότερον
714 5475 845 5545 περί
879 5474 978 5544 τῆς
1014 5473 1179 5527 αὑτοῦ
1222 5473 1596 5545 διαλεχθέντες
1632 5474 1771 5541 πρὸς

184 5567 327 5620 Θεὸν
353 5566 766 5630 μεταστάσεως.

273 5758 298 5798 7
331 5750 522 5805 Matth.
556 5767 611 5819 ε,
638 5754 691 5808 8.
773 5763 794 5792 ⁸
823 5753 958 5813 Luc.
1012 5768 1105 5816 vu,
1145 5749 1234 5807 50.

1311 5762 1338 5793 ι
1369 5750 1531 5808 Joan.
1577 5768 1686 5816 ινι,
1715 5750 1808 5807 23.

1826 572 1949 610 eum
1976 557 2142 622 venit,
2165 568 2439 628 caputque
2472 562 2744 617 inclinans
2775 562 2896 630 ejus
2929 562 3182 631 pedibus.
3208 578 3382 630 genus

1827 649 2204 715 apprehendit,
2235 665 2298 702 ac
2336 652 2760 706 lamentabilitcr
2783 655 3121 722 supplicans,
3153 654 3204 705 in
3244 655 3388 706 hune

1829 741 2041 788 modnm
2079 739 2334 804 quiritari
2370 744 2554 810 coepit,
2590 758 2652 794 ac
2681 745 2866 796 dicere
2907 762 2917 795 :
2951 743 3041 797 Dei
3098 746 3387 796 universo-

1831 843 1949 880 rutn
1986 843 2163 892 εει-ιιι,
2189 829 2395 899 Patapi,
2433 848 2565 885 sana
2605 849 2688 886 me
2719 835 3010 898 miseram,
3043 838 3188 886 omni
3235 837 3392 901 plane

1830 920 2037 971 auxilio
2069 919 2410 974 destitutam.
2451 922 2636 976 Gratis
2671 926 2850 992 pra'he
2885 926 3206 977 remi-dium.
3253 925 3388 977 Nihil

1830 1009 2101 1076 siquidem
2142 1011 2412 1078 reliquum
2449 1023 2552 1066 est.
2587 1012 2779 1066 Omnia
2825 1015 3090 1081 insumpsi
3135 1017 3184 1067 in
3225 1019 3396 1068 medi-

1832 1112 1950 1158 cos,
1986 1098 2172 1152 dolore
2204 1101 2388 1166 potius
2438 1105 2561 1155 sinu
2596 1104 2827 1155 collecto
2856 1142 2869 1165 ,
2923 1122 3082 1169 quam
3135 1105 3390 1157 remedio.

1835 1185 2038 1240 Memor
2099 1189 2271 1256 igitur
2307 1189 2522 1242 Domini
2557 1193 2836 1244 dicentis:
2891 1211 2909 1242 ι
2948 1193 3130 1245 Gratis
3182 1197 3400 1262 accepi-

1835 1278 1956 1340 stis,
1985 1278 2154 1345 gratis
2178 1280 2380 1343 date];
2414 1299 2430 1330 ι
2459 1297 2590 1334 sana
2637 1283 2835 1349 duplici
2869 1284 3037 1335 ulceri
3067 1285 3354 1336 obnoxiam
3379 1323 3392 1344 ,

1836 1365 2172 1434 aegritudini.
2242 1369 2488 1436 inquam.
2543 1379 2595 1424 ct
2653 1376 2988 1441 paupertati.
3027 1374 3399 1438 Quamobrem

1839 1471 1969 1525 rogo
2020 1458 2293 1525 duplicem
2357 1460 2799 1523 retributionem,
2851 1463 3109 1515 nimirum
3165 1466 3402 1516 medica—

1843 1555 2083 1598 mentum
2122 1548 2267 1614 qnod
2304 1551 2552 1601 morbum
2582 1552 2839 1617 depellat,
2872 1552 3258 1619 dationemqne
3287 1571 3406 1622 pre-

1843 1636 1920 1688 tio
1954 1637 2200 1688 liberam.
2244 1636 2333 1689 Sic
2365 1639 2510 1690 cuitu
2544 1640 2634 1692 ille
2679 1644 2924 1709 priccipit
2959 1651 3014 1694 ut
3043 1644 3139 1696 des
3184 1661 3403 1703 munus,

1846 1727 2204 1795 hortaturque
2247 1736 2301 1780 et
2334 1739 2522 1782 mouet
2556 1741 2611 1782 ut
2654 1746 2721 1784 eo
2769 1733 2928 1784 modo
2966 1734 3081 1801 ipsa
3117 1736 3404 1801 accipiam.

2975 1823 3030 1872 Si
3079 1825 3280 1882 credis.
3331 1826 3411 1875 in-

1847 1909 2062 1975 quit,ei
2095 1908 2185 1975 qui
2229 1909 2387 1963 habet
2431 1920 2782 1979 potestatem,
2827 1916 3097 1967 intentum
3141 1915 3412 1968 dcsiderio

1849 2001 2008 2052 linem
2040 2002 2420 2067 consequeris.
2454 2004 2509 2056 Si
2547 2005 2805 2059 habueris
2840 2007 3110 2060 sinceram
3154 2007 3312 2060 ﬁdem
3348 2023 3411 2061 ac

1847 2089 2182 2143 aliectionem
2210 2133 2225 2156 ,
2260 2107 2392 2144 sana
2445 2095 2556 2147 eris
2594 2105 2645 2147 et
2681 2112 2708 2146 a
2743 2097 2932 2149 dolore
2982 2098 3261 2150 immunis.
3319 2100 3412 2150 Ilia

1848 2195 1977 2234 vero
2027 2183 2177 2233 velut
2227 2183 2368 2234 tauri
2421 2185 2638 2237 suhlato
2685 2189 2892 2254 mugitu
2934 2188 3100 2239 altqu
3147 2189 3410 2251 clamans,

1848 2271 1963 2325 ait:
1994 2272 2238 2328 Credens
2285 2277 2503 2337 accedo,
2550 2275 2807 2341 domine;
2844 2279 2944 2332 lide
2999 2281 3285 2332 sanitatem
3331 2297 3408 2333 rc-

1850 2364 2117 2432 portabo;
2150 2379 2218 2419 ne
2256 2379 2387 2434 ergo
2423 2368 2621 2421 misera
2644 2409 2658 2431 ,
2691 2385 2798 2421 non
2826 2374 3282 2425 curatowulncre
3333 2387 3413 2424 re-

1850 2456 2029 2520 diero;
2062 2471 2129 2509 nc
2156 2457 2356 2510 iterum
2392 2472 2600 2510 cancro
2630 2460 2888 2513 laborans
2923 2461 3146 2514 domum
3182 2464 3370 2516 abiero
3401 2481 3413 2528 ;

1853 2563 1959 2600 non
1988 2549 2136 2601 enim
2175 2547 2292 2602 fero
2327 2551 2646 2613 cruciatus;
2704 2568 2814 2604 non
2875 2556 3128 2608 sustineo
3159 2571 3373 2622 pinnam
3404 2575 3418 2623 ς

1853 2640 1918 2691 ad
1951 2655 2122 2707 usque
2159 2641 2324 2693 imum
2358 2658 2455 2693 cor
2484 2643 2786 2710 tlisccrpit;
2820 2646 2989 2713 ipsam
3019 2649 3254 2699 animam
3277 2664 3421 2700 mor-

1853 2729 1906 2782 bi
1966 2729 2045 2782 ris
2078 2729 2338 2784 tabeiacit
2373 2749 2385 2784 :
2422 2734 2518 2785 sed
2554 2749 2683 2802 rogo
2744 2743 2794 2786 te
2834 2745 2891 2788 ut
2946 2739 3264 2792 miserearis
3317 2742 3422 2794 mei

1855 2824 2084 2874 miserae.
2119 2820 2166 2875 ls
2198 2837 2380 2890 porro,
2439 2824 2530 2876 ubi
2580 2827 2897 2880 horribilius
2948 2829 3173 2882 vidisset
3232 2831 3425 2886 dolore

1855 2911 2177 2974 cruciatam,
2224 2912 2391 2978 jussit
2433 2923 2490 2964 ut
2528 2915 2705 2966 morbi
2756 2917 2933 2969 locum
2969 2920 3308 2974 ostenderet.
3347 2927 3427 2972 Ac.

1856 3014 1985 3052 vero
2027 3017 2179 3054 sacra
2213 3019 2376 3055 manu
2430 3021 2678 3058 matrima:
2712 3009 2987 3074 imposita,
3025 3015 3319 3080 erucisque
3354 3014 3428 3065 si-

1859 3092 2127 3159 gnaculo,
2187 3107 2290 3160 qua
2352 3105 2502 3161 parte
2549 3111 2751 3150 cancer
2795 3101 3081 3163 exedebat,
3140 3117 3427 3169 expresso,

1861 3185 1936 3234 ait
1963 3185 2029 3236 ad
2055 3200 2171 3241 eam
2199 3202 2209 3236 :
2251 3182 2414 3248 Deus.
2473 3202 2505 3238 ο
2559 3188 2776 3250 mulier,
2822 3191 2877 3242 in
2914 3208 3072 3258 quem
3102 3195 3333 3247 credens
3363 3195 3429 3247 ad

1861 3289 1963 3328 nos
2011 3277 2201 3330 venisti
2231 3318 2244 3336 ,
2288 3278 2401 3344 ipse
2452 3287 2543 3330 tua
2585 3290 2838 3349 suscepta
2893 3282 2996 3337 lide
3056 3287 3431 3352 probataque,

1860 3381 2048 3420 sanam
2077 3370 2450 3437 sospileuique
2483 3385 2512 3422 a
2543 3373 2730 3426 morbo
2763 3373 2976 3427 eﬂiciet.
3005 3375 3147 3430 Sane
3182 3379 3312 3446 quid
3343 3397 3431 3438 -ιιι,

1859 3468 1945 3513 est
1989 3460 2121 3513 lides
2164 3472 2434 3529 prmstaus
2463 3477 2837 3531 accensaque,
2866 3475 2920 3518 at
2969 3470 3194 3523 morbus
3227 3473 3434 3537 gratis,

1861 3561 1915 3606 et
1941 3553 2176 3606 dillicilis
2229 3563 2467 3617 curatu;
2511 3556 2814 3619 enimvero,
2848 3577 2864 3608 ι
2905 3555 3069 3613 Fides
3103 3567 3192 3611 tua
3241 3572 3291 3614 te
3327 3563 3435 3614 sai-

1863 3661 1982 3697 vatu
2029 3646 2192 3708 fecit;
2235 3646 2368 3698 vade
2402 3648 2454 3699 in
2489 3662 2621 3712 pace
2655 3656 2697 3699 ³.
2749 3669 2766 3697 ι
2807 3649 3067 3718 Ahiitque
3109 3653 3307 3704 mulier
3350 3669 3436 3703 rc-

1861 3743 2022 3802 cepto
2063 3750 2202 3787 sano
2231 3736 2398 3788 ubere
2433 3750 2495 3787 ac
2527 3736 2718 3789 dolore
2770 3753 2968 3803 vacuo,
3012 3739 3179 3793 lieum
3221 3741 3436 3810 glorifi-

1862 3840 2020 3889 cans,
2063 3828 2156 3895 qui
2208 3842 2424 3897 semper
2481 3828 2834 3882 sanationum
2901 3831 3167 3887 virtutem
3235 3834 3438 3901 prabet

1864 3920 2072 3974 sanctis
2103 3919 2246 3973 suis.

1937 4093 2010 4145 Ea
2044 4102 2172 4146 sunt
2198 4093 2376 4148 sancti
2410 4092 2623 4177 Patapii
2661 4097 2927 4152 miracula
2966 4116 2978 4150 :
3034 4098 3146 4152 haec
3189 4099 3438 4154 laborum

1866 4184 1986 4253 ejus
2027 4187 2271 4253 prazmia.
2307 4183 2431 4239 [hec
2470 4189 2537 4240 ab
2571 4204 2636 4242 eo
2686 4200 3027 4258 patratorum
3068 4192 3439 4260 prodigiorum

1867 4276 2224 4342 particularis
2285 4276 2554 4329 narratio.
2618 4279 2711 4332 Sic
2769 4277 3032 4333 Dominus
3097 4283 3271 4334 servis
3328 4283 3442 4336 suis

1867 4368 2157 4435 magnitice
2212 4368 2488 4420 retribuit.
2536 4388 2552 4419 ι
2595 4368 2651 4423 Si
2697 4372 2831 4437 quid
2880 4373 3051 4432 enim,
3107 4373 3306 4439 inquit,
3349 4390 3443 4440 pe-

1801 4483 1842 4537 ο
1874 4458 2074 4511 tieritis
2105 4458 2317 4512 Patrem
2372 4459 2425 4512 in
2473 4461 2696 4514 nomine
2735 4476 2891 4524 ineo,
2937 4463 3092 4516 dabit
3138 4465 3296 4517 vobis
3332 4476 3376 4514 ι.
3420 4483 3440 4515 ο

1877 4551 1951 4603 Ac
1987 4549 2206 4619 quidem
2239 4552 2412 4620 justo,
2468 4553 2594 4605 dum
2652 4565 2797 4608 esset
2847 4554 2900 4606 in
2962 4557 3242 4619 humanis,
3272 4573 3300 4608 a
3340 4555 3447 4609 Deo

1870 4641 2098 4704 donata,
2148 4643 2218 4695 ita
2279 4643 2525 4699 habent:
2577 4643 2668 4696 ubi
2734 4652 2916 4697 autem
2978 4648 3274 4715 niigrasset
3309 4662 3445 4699 cou-

1870 4747 2050 4797 cessa,
2109 4739 2272 4800 atque
2336 4733 2606 4786 hactenus
2665 4734 2913 4786 omnium
2969 4734 3259 4786 decantata
3327 4751 3444 4801 ore,

1871 4827 2053 4895 qualia
2088 4835 2219 4881 sunt
2270 4843 2331 4882 ac
2383 4827 2630 4897 quanta?
2673 4827 2842 4882 Porro
2899 4830 3078 4883 visum
3130 4839 3216 4884 est
3269 4843 3328 4884 ut
3381 4846 3450 4884 ne

1873 4920 2038 4975 modo
2069 4920 2327 4974 cavendae
2365 4922 2704 4992 prolixitatis
2755 4924 2951 4988 gratia,
2985 4938 3174 4975 eorum
3213 4926 3450 4978 mentio-

1875 5025 1999 5064 netn
2034 5010 2288 5072 inferam,
2325 5026 2388 5064 ac
2424 5027 2490 5064 ne
2525 5012 2926 5064 tuiraculorum
2955 5012 3118 5080 capia
3156 5013 3449 5066 nonnullos

1875 5108 1930 5160 in
1990 5105 2433 5160 incredulitatem
2490 5107 2761 5176 impellat.
2807 5105 2953 5176 quod
3003 5121 3107 5158 non
3152 5103 3448 5158 admodum

1873 5215 1934 5253 ex
1948 5199 2115 5268 pedit.
2143 5197 2546 5268 Beiinquentes
2566 5213 2698 5268 ergo
2727 5200 3012 5251 h0miuum
3038 5197 3312 5250 celebrata
3332 5213 3450 5260 ore,

1879 5288 2097 5360 Deoque
2137 5291 2262 5354 soli,
2301 5289 2464 5357 cujus
2500 5296 2632 5343 sunt
2668 5293 2879 5360 patrata
2924 5290 3127 5342 virtute
3156 5331 3169 5352 ,
3207 5288 3451 5356 cognita,

1877 5381 2039 5436 ﬂuem
2098 5381 2188 5437 hic
2221 5381 2439 5437 dicendi
2495 5381 2789 5444 faciamus,
2828 5381 2919 5435 ubi
2956 5382 3224 5434 duntaxat
3281 5394 3450 5448 pauca

1878 5476 2125 5545 qumdam
2188 5475 2255 5530 de
2319 5475 2443 5544 ejus
2504 5473 2571 5529 ad
2639 5473 2808 5529 Deum
2871 5475 3108 5528 transitu
3170 5471 3455 5525 disserue-

1882 5585 2077 5625 l‘llllllS.
