4176 6448
148 360 302 455 mi

1457 397 1535 456 IN
1578 398 1638 458 S.
1682 400 2083 461 PATAPIUM.

3257 394 3390 457 19η

142 497 561 566 ἔγκαταλιπεῖν
578 499 643 564 ³⁸,
662 498 756 552 καὶ
806 498 979 562 οὕτως
1009 500 1103 552 ἐπὶ
1128 501 1195 553 τά
1227 503 1608 574 μαρτυροῦντα
1637 505 1715 556 τι»

1825 502 2046 559 Christo
2084 502 2505 573 superimposita
2562 502 2763 565 luceat,
2805 513 2863 556 ut
2894 503 3074 558 omnis
3103 504 3389 572 quieredit

144 590 281 659 βίον
306 590 471 642 αὑτοῦ
493 594 549 644 ὲν
566 590 874 662 εὐφροσύνῃ
903 592 1047 660 ἡμᾶς
1078 590 1332 660 βαδίζειν.
1368 594 1589 656 Πάντως
1615 594 1722 663 γὰρ

139 679 317 732 ἔνθεν
336 681 429 733 καὶ
445 680 617 734 ταῦτα
641 680 1237 752 δειχθήσονται,ὦσπερ
1258 684 1317 736 ὲν
1342 683 1463 752 ὕψει
1482 684 1724 755 ἐμπροσ-

138 770 252 824 θεν
299 771 685 840 εὑρισκόμενα.
723 771 913 835 Οὐδεὶς
962 772 1069 843 γάρ
1128 773 1296 835 ἐστιν,
1334 775 1363 826 6
1394 772 1469 844 μὴ
1495 776 1723 828 ἐπιστά-

142 877 325 929 μενος
355 862 420 913 ἐκ
444 860 551 913 τῶν
602 860 900 929 μελλόντων
948 860 1240 913 ἀκούεσθαι
1266 860 1328 914 τὸ
1350 902 1363 924 ,
1392 861 1493 913 ποῦ
1515 862 1684 915 ταῦτα
1703 905 1718 930 ,

140 952 252 1004 καὶ
303 950 488 1013 πόθεν,
540 952 634 1003 καὶ
661 950 777 1013 πῶς
832 950 1190 1020 προέρχονται
1220 952 1356 1021 πρὸς
1385 952 1716 1023 φανέρωσιν.

138 1042 230 1093 Οὔ
268 1040 378 1109 γὰρ
405 1041 622 1093 δύναται
653 1040 767 1109 φῶς
791 1040 972 1093 σκότει
1011 1042 1393 1105 συγκοινωνεῖν
1421 1056 1436 1071 ·
1467 1042 1587 1094 οὐδὲ
1618 1044 1722 1096 πά-

136 1130 239 1183 λιν
278 1131 445 1200 μέρος
467 1130 642 1200 πιστῷ
667 1130 806 1200 μετά
836 1129 1066 1183 ἀπίστου
1096 1144 1108 1158 ·
1143 1129 1267 1183 οὔτε
1325 1133 1721 1198 συγκατάθεσις

138 1221 272 1290 ναῷ
320 1220 455 1273 Θεοῦ
507 1222 646 1290 μετά
703 1219 1127 1274 είδώλωνόῦτε
1179 1221 1449 1291 συλλήϐην
1505 1224 1717 1288 εἰπεῖν,

138 1307 565 1382 [συμφώνησις]
609 1310 728 1380 Θεῷ
771 1310 907 1380 πρὸς
945 1310 1162 1376 Βελίαρ.
1221 1312 1572 1382 Συντρίδεται
1614 1316 1721 1385 γὰρ

134 1399 226 1462 ὡς
262 1400 573 1469 γέγραπται
597 1400 657 1453 τὸ
706 1401 925 1469 σαθρὸν,
987 1400 1092 1453 ὑπὸ
1120 1401 1216 1453 τοῦ
1248 1402 1495 1472 ἰσχυροῦ,
1525 1407 1617 1457 καὶ
1640 1407 1720 1467 είς

134 1489 464 1557 ἀφανισμὸν
489 1489 551 1541 τὸ
580 1490 770 1541 τούτου
811 1489 965 1552 τέλος
1002 1489 1412 1545 ἀποδείκνυται.
1451 1494 1565 1547 Καὶ
1612 1496 1719 1566 γὰρ

134 1577 219 1629 τὰ
251 1578 364 1630 τῶν
414 1579 623 1648 ἀρετῶν
673 1578 864 1648 βέϐαια
905 1581 996 1632 καὶ
1022 1582 1194 1648 πάγια
1224 1583 1316 1635 καὶ
1349 1584 1717 1655 ὲρηρεισμένα

134 1670 388 1723 πάντοτε
415 1670 759 1739 διαμένοντα,
788 1671 969 1733 καθὼς
998 1671 1027 1723 6
1055 1671 1196 1735 θεῖος
1254 1674 1594 1727 ἀποδεικνύει
1628 1676 1717 1729 λό-

132 1778 268 1828 γος,
299 1763 364 1814 ὲκ
391 1761 594 1813 τούτων
627 1760 701 1832 μὴ
732 1761 1146 1832 συντριϐόμενα,
1196 1764 1581 1831 ἀναφαίνονται
1614 1768 1718 1820 ὑπὸ

132 1849 243 1900 τοῦ
268 1848 431 1916 λόγου
462 1849 857 1920 φυλαττόμενα.
883 1852 962 1904 Τά
977 1852 1032 1905 δὲ
1055 1854 1152 1918 τῆς
1185 1851 1381 1914 κακίας
1406 1853 1511 1906 ἴδια
1536 1874 1553 1905 ι
1585 1857 1718 1909 ὡσεὶ

132 1938 358 2001 καπνὸς
407 1938 747 2005 ἐκλείπουσι,
789 1959 806 1990 ι
872 1942 1018 1995 κατὰ
1045 1944 1104 1995 τὸ
1139 1946 1559 2014 γεγραμμένον,
1615 1950 1717 2003 ’καὶ

131 2030 337 2099 ὥσπερ
388 2032 650 2100 ὁμοούσια
680 2033 772 2085 τοῦ
825 2036 1093 2088 ἀσδέστου
1134 2039 1304 2107 πυρὸς
1332 2042 1715 2109 φανεροῦνται.

140 2138 162 2170 ε
194 2119 505 2190 Πορεύεσθε
539 2140 558 2173 ι
584 2121 710 2191 γὰρ,
750 2123 887 2193 πρὸς
938 2127 1064 2188 τοὺς
1117 2131 1453 2197 πράττοντας
1497 2130 1565 2182 τὰ
1604 2148 1716 2183 τοι-

132 2208 313 2273 αῦτα,
351 2230 368 2261 ι
390 2211 467 2280 τῷ
502 2214 661 2281 φωτὶ,
683 2216 837 2283 φησὶ,
858 2215 951 2268 τοῦ
980 2218 1152 2287 πυρὸς
1174 2219 1327 2287 ὑμῶν
1358 2222 1449 2274 καὶ
1468 2225 1532 2291 τῇ
1557 2223 1716 2292 φλογὶ

132 2296 173 2374 ᾗ
209 2301 566 2367 ὲξεκαύσατε.
592 2321 610 2355 ι
653 2303 938 2356 Ἐντεῦθεν
969 2305 1175 2371 λοιπὸν,
1231 2308 1450 2379 ἀδελφοὶ
1476 2348 1493 2375 ,
1524 2311 1714 2381 ὥσπερ

131 2391 255 2444 ἀπὸ
285 2393 458 2462 πυρὸς
488 2392 831 2464 λυτρωθῆναι
873 2395 1185 2466 βουλόμενοι
1204 2398 1302 2452 ’διά
1364 2401 1463 2468 τῆς
1512 2404 1714 2473 ἀκροά-

133 2501 304 2551 σεως,
361 2483 454 2539 ἐπὶ
485 2486 552 2537 τὰ
582 2485 673 2537 τοῦ
727 2486 918 2554 ἀνδρὸς
979 2489 1351 2560 ὑπέρλαμπρα
1408 2492 1581 2562 ἔργα,
1613 2496 1713 2559 τὰς

130 2575 316 2636 ἀκοάς
343 2575 447 2646 τῆς
503 2575 738 2640 διανοίας
782 2579 1174 2646 συντείναντες,
1203 2582 1295 2635 καὶ
1320 2584 1400 2646 είς
1431 2584 1547 2654 φῶς
1576 2586 1713 2651 γνώ-

134 2685 286 2730 σεως
316 2670 785 2739 καταντήσαντες,
834 2668 1016 2733 καθὼς
1049 2673 1144 2725 καὶ
1173 2676 1201 2725 6
1236 2675 1472 2743 Χριστὸς
1506 2678 1713 2730 ἐκδιδά-

133 2773 288 2821 σκει,
340 2757 709 2827 ἀκουσώμεθα
733 2759 786 2812 τί
810 2759 1038 2828 λαλήσει
1076 2763 1134 2813 ὲν
1162 2762 1290 2831 ὑμῖν
1317 2764 1377 2815 τὸ
1404 2765 1626 2835 Πνεῦμα
1652 2767 1714 2819 τὸ

130 2843 318 2909 ἀγιον.
342 2845 518 2897 Αὑτοῦ
548 2846 656 2916 γὰρ
687 2847 784 2900 καὶ
808 2848 914 2899 εἰσὶ
956 2848 1051 2902 καὶ
1107 2848 1415 2915 λαλοῦνται,
1452 2855 1547 2907 καὶ
1577 2856 1713 2925 πρὸς

130 2933 201 2985 τὸ
232 2934 417 3002 λέγειν
449 2935 747 3004 φαίνονται,
776 2937 850 3000 ὡς
876 2938 937 2991 τὸ
963 2940 1318 2995 ἀποστολικδν
1358 2944 1592 3015 γράμμα
1629 2946 1710 2999 δι·-

132 3024 353 3089 δάσκει,
386 3026 537 3088 ὅπως
564 3026 878 3099 δοξάζωμεν
904 3030 1142 3095 ἐκτενῶς
1157 3032 1250 3086 τὸν
1271 3035 1430 3089 δόντα
1461 3038 1556 3091 καὶ
1581 3037 1710 3091 πάν-

1825 594 1880 647 in
1926 608 2050 647 eum
2100 593 2286 647 lumen
2351 594 2531 647 videat
2565 611 2577 648 :
2606 594 2688 648 sic
2720 593 2959 663 primum
2989 592 3188 648 fuerint
3222 597 3386 646 omit-

1824 683 1985 737 tenda
2020 699 2115 751 per
2175 685 2343 736 vitam
2377 684 2446 738 ab
2492 699 2560 738 eo
2590 692 2761 752 gesta,
2813 691 3041 751 tumque
3074 684 3179 736 Iani
3221 684 3286 736 ad
3321 699 3386 735 ea

1822 774 2258 841 processerimus
2317 790 2440 843 qua:
2510 776 2679 828 vitam
2732 775 3002 842 ejusmodi
3066 774 3388 828 testimonio

1824 864 2119 918 illustrant.
2158 865 2324 919 Plane
2356 866 2500 919 enim
2541 864 2790 917 futurum
2823 873 2905 918 est
2939 874 2995 917 ut
3021 874 3072 917 et
3110 865 3198 916 illa
3255 864 3386 916 hinc

1822 951 2194 1016 innutescant,
2230 966 2294 1004 ac
2325 953 2472 1005 velut
2515 952 2586 1004 ob
2614 952 2806 1005 oculos
2837 966 3024 1004 coram
3068 958 3383 1004 Occurrant.

1822 1040 1989 1094 Nemo
2018 1041 2165 1095 enim
2200 1050 2305 1105 est,
2337 1042 2429 1111 qui
2465 1056 2572 1095 non
2605 1045 2789 1096 statim
2830 1058 2897 1096 ex
2952 1043 3241 1095 audiendis
3300 1042 3384 1093 in-

1820 1130 2027 1199 telligat
2049 1145 2159 1198 quo
2195 1145 2284 1184 res
2325 1131 2620 1199 ejusmodi,
2650 1140 2702 1185 et
2756 1131 2905 1185 unde
2934 1147 2997 1185 ac
3032 1148 3137 1199 qua
3176 1131 3389 1183 ratione.

1821 1220 1875 1273 in
1938 1220 2112 1274 lucem
2163 1222 2506 1276 declaranda:
2536 1224 2860 1291 procedant.
2901 1223 3010 1277 Nec
3042 1222 3186 1275 enim
3222 1236 3387 1275 com-

1819 1312 2005 1365 munio
2045 1311 2231 1379 aliqua
2262 1327 2383 1367 esse
2416 1322 2593 1379 potest
2633 1313 2740 1365 luci
2773 1313 2841 1366 ad
2876 1313 3153 1374 tenebras,
3186 1326 3367 1380 neque

1820 1400 2013 1455 iterum
2037 1416 2166 1470 pars
2189 1403 2369 1471 aliqua
2406 1404 2548 1456 lideli
2580 1418 2709 1457 cum
2735 1404 2968 1466 inﬁdeli,
2999 1418 3379 1457 consensusve

1821 1490 2022 1557 templo
2051 1488 2142 1542 Dei
2186 1504 2310 1543 cum
2350 1490 2534 1553 idolis,
2568 1499 2661 1543 aut
2691 1492 2927 1560 denique
2960 1492 3251 1544 conventio
3289 1489 3381 1543 Dei

1818 1578 1883 1631 ad
1952 1577 2194 1632 Beliali.
2245 1578 2460 1649 Quippe
2522 1590 2861 1645 conteretur,
2916 1582 3075 1650 juxta
3118 1581 3263 1649 quod
3302 1587 3387 1633 est

1819 1672 2082 1741 scriptum
2116 1671 2158 1736 ι,
2211 1672 2356 1742 quod
2388 1680 2475 1727 est
2502 1671 2683 1726 debile
2709 1672 3112 1741 detritumque,
3142 1685 3171 1723 a
3206 1670 3338 1723 forti
3368 1686 3382 1721 :

1819 1762 2045 1833 ejusque
2074 1764 2201 1819 ﬁnis
2228 1764 2453 1819 abolitio
2486 1772 2589 1819 est.
2638 1762 2774 1817 Cum
2808 1764 2953 1816 enim
3005 1777 3067 1816 ea
3103 1777 3224 1828 quze
3258 1768 3384 1840 sunt

1820 1854 2054 1917 virtutis,
2112 1856 2288 1916 ﬁrma.
2338 1855 2512 1910 solida
2576 1855 2906 1923 stabiliaque
2973 1861 3235 1921 perpetuo
3274 1865 3385 1904 ma-

1816 1957 2001 2013 neant,
2054 1947 2511 2016 quemadmodum
2564 1944 2786 1998 divinus
2816 1942 3058 1995 ostendit
3087 1955 3287 2002 sermo,
3317 1940 3385 1992 iis

1817 2055 1926 2094 non
1984 2039 2402 2093 conterentibus
2451 2052 2514 2091 ac
2558 2034 2942 2106 perdentibus,
3003 2034 3175 2101 liquet
3205 2047 3233 2085 a
3271 2047 3386 2085 ser-

1817 2146 1976 2186 mone
1998 2130 2336 2185 conservari.
2363 2128 2494 2193 Quae
2526 2140 2706 2181 autem
2741 2134 2871 2182 sunt
2905 2124 3186 2185 vitiorum,
3217 2140 3235 2173 ι
3267 2132 3384 2174 tan-

1814 2236 1976 2293 quam
2040 2221 2225 2275 fumus
2281 2221 2562 2285 deﬁciunt,
2605 2238 2623 2270 ι
2679 2220 2832 2288 juxta
2882 2217 3026 2286 quod
3094 2224 3178 2270 est
3244 2215 3385 2268 scri-

1815 2320 1971 2383 ptum
2005 2320 2085 2375 “;
2178 2325 2242 2365 ac
2307 2310 2453 2365 velut
2501 2309 2745 2379 ejusdem
2818 2307 3051 2361 rationis
3101 2320 3223 2358 eum
3273 2305 3385 2374 igni

1813 2401 2245 2474 inexslinguibili
2279 2400 2670 2456 ostenduntur.
2732 2398 2821 2452 Ait
2870 2414 3019 2451 enim
3065 2397 3130 2451 ad
3165 2412 3261 2450 eos
3291 2398 3385 2466 qni

1813 2497 1940 2548 talia
1995 2502 2166 2564 agunt
2199 2510 2211 2546 ε
2245 2511 2263 2543 ι
2301 2491 2591 2546 Ambulate
2653 2491 2706 2545 in
2738 2491 2950 2545 lumine
3012 2489 3157 2557 ignis
3187 2490 3384 2547 vestri.

1811 2598 1865 2643 et
1900 2589 1953 2641 in
1983 2587 2203 2640 ﬂamma
2237 2599 2401 2652 quam
2453 2582 2814 2637 succendistis
2835 2588 2886 2634 ³³.
2923 2599 2939 2632 ι
2989 2578 3382 2645 Quamobrem,

1811 2678 2018 2740 dilecti,
2072 2677 2215 2729 velut
2241 2676 2332 2745 qui
2371 2674 2655 2727 auditione
2707 2672 3031 2725 studt-amns
3068 2670 3136 2722 ab
3175 2668 3296 2736 igne
3323 2666 3386 2719 li-

1810 2770 2015 2832 berari,
2073 2768 2271 2822 mentis
2304 2781 2465 2820 aures
2517 2765 2727 2833 pariter
2773 2762 3125 2816 intendentes
3161 2760 3214 2813 in
3244 2772 3384 2827 prae-

1811 2862 1957 2915 clara
1981 2859 2082 2913 viri
2103 2874 2292 2927 opera,
2320 2872 2384 2911 ac
2416 2864 2776 2910 occurrentes
2806 2854 2872 2906 ad
2900 2851 3381 2909 scientiarlmuen,

1806 2953 1963 3022 juxta
2023 2949 2168 3021 quod
2199 2949 2452 3003 Christus
2479 2947 2659 3007 docet,
2708 2945 2999 2999 audiamus
3028 2942 3158 3011 quid
3194 2941 3386 3009 loqua~

1809 3051 1899 3097 tur
1928 3043 1984 3096 in
2023 3040 2182 3095 nobis
2222 3039 2462 3110 Spiritus
2492 3046 2743 3092 sanctus.
2776 3035 2961 3104 Ipsius
2993 3035 3140 3088 enim
3166 3046 3229 3085 ea
3259 3036 3386 3083 sunt

131 3135 262 3171 τοτε
311 3118 556 3172 διδοῦντα
606 3121 858 3187 ἐξουσίαν
904 3124 1191 3195 τοιαύτην,
1246 3127 1709 3200 συνφθεγγόμενοι

1813 3138 1867 3186 et
1902 3138 2169 3185 vocantur
2202 3138 2367 3198 atque
2392 3135 2451 3181 ut
2475 3127 2712 3181 habeant
2747 3126 2855 3180 dici
2894 3124 3182 3177 manifesta
3220 3120 3378 3179 ﬁunt.

134 3208 235 3261 καὶ
254 3212 429 3277 ἡμεῖς
459 3211 537 3279 τῷ
554 3212 872 3283 Εῦαγγελίφ
904 3215 1008 3272 σὺν,
1022 3216 1141 3285 Θεῷ
1162 3219 1277 3281 τοῖς
1305 3218 1629 3289 ἀνθρώποις.

1808 3221 1956 3278 velut
2010 3218 2179 3273 docet
2227 3218 2547 3287 Apostolus,
2594 3224 2655 3270 ut
2700 3230 2827 3271 eum
2874 3213 3079 3285 jugiter
3130 3211 3385 3264 laudibus

136 3299 509 3363 celebremus,
563 3302 657 3371 qui
719 3304 884 3358 talem
945 3305 1095 3360 dedit
1175 3317 1529 3376 potestatem,
1579 3320 1634 3366 et
1688 3323 1773 3371 est
1836 3325 2052 3382 semper
2120 3310 2373 3373 (laturus,
2431 3309 2718 3375 loquentes
2773 3315 2828 3361 et
2874 3305 2977 3375 ipsi
3043 3303 3387 3359 sermonibus

135 3389 473 3456 cvangelicis
502 3404 626 3443 cum
664 3390 1002 3447 hominibus.

212 3506 428 3568 Ταύτας
463 3506 645 3559 τοίνυν
676 3506 786 3559 τῶν
808 3507 1100 3577 ἐγκωμίων
1135 3511 1405 3575 συλλαϐάς
1441 3516 1470 3567 6
1492 3517 1707 3585 λεχθεὶς

134 3596 442 3663 ἀγιώτατος
463 3595 762 3659 ἐπίσκοπος
781 3595 855 3660 ὡς
878 3599 1214 3669 εὐπρεπείας
1229 3602 1421 3669 λόγους
1447 3604 1707 3675 ἐπήξατο,

136 3687 384 3756 φοϐερῶς
435 3687 535 3756 τὴν
580 3686 736 3753 τάξιν
788 3687 1020 3757 ἐχούσας
1072 3690 1207 3761 πρὸς
1262 3692 1550 3761 διόρθωσιν
1598 3695 1709 3748 τῶν

138 3778 337 3849 ζηλοῦν
386 3778 681 3831 ἐθελόντων
713 3779 804 3833 τὸν
834 3780 1129 3847 άγγελικὺν
1155 3781 1269 3852 βίον
1297 3784 1393 3836 τοῦ
1431 3785 1580 3839 ὁσίου
1608 3789 1712 3840 Πα-

136 3868 266 3938 τρὸς
318 3868 476 3938 ἡμῶν
516 3868 823 3923 Παταπίου.
869 3870 1011 3924 Ἀλλ’
1064 3873 1146 3925 ὅτι
1195 3873 1362 3938 δόξαν
1419 3878 1514 3930 καὶ
1541 3878 1710 3949 τιμὴν

136 3958 412 4027 ἀμφιάσαι
450 3956 661 4023 τοῦτον,
693 3960 721 4011 6
749 3956 1016 4011 διδάσκων
1068 3959 1267 4028 γνῶσιν
1316 3964 1427 4024 τοῖς
1448 3965 1513 4033 τῇ
1547 3961 1709 4033 σοφίᾳ

138 4047 562 4119 προσεδρεύουσι
612 4048 770 4118 μόνος
807 4049 1060 4119 ἠθέλησε.
1104 4068 1123 4103 ι
1176 4051 1393 4121 Κράτος
1454 4051 1564 4122 γὰρ
1607 4055 1707 4122 τῆς

141 4139 513 4211 μεγαλοσύνης
561 4139 726 4193 αὑτοῦ
762 4140 847 4203 τίς
885 4139 1280 4212 ὲξαριθμήσεις
1317 4161 1337 4194 ι
1369 4141 1542 4204 Δύτδς
1592 4142 1706 4211 δῴη

138 4229 236 4282 καὶ
260 4230 391 4298 ἡμῖν
422 4227 578 4295 λόγον
608 4230 666 4281 ὲν
693 4226 895 4293 ἀνοίξει
938 4228 1032 4282 τοῦ
1096 4228 1386 4298 στόματος,
1418 4233 1446 4283 6
1477 4230 1586 4294 ζῶν
1627 4232 1703 4294 είς

138 4320 231 4371 τὸν
259 4319 449 4380 αίῶνα,
479 4320 628 4380 ὅπως
671 4320 767 4371 καὶ
792 4322 955 4389 ἡμεῖς
993 4320 1131 4385 μετὰ
1159 4321 1325 4373 πόθου
1353 4323 1468 4383 τοῖς
1489 4326 1704 4386 πιστοῖς

140 4410 554 4479 παραδώσωμεν
575 4409 642 4461 τά
665 4410 803 4476 μετά
844 4410 1075 4464 θάνατον
1130 4412 1297 4464 αὑτοῦ
1322 4413 1580 4479 γεγονότα
1607 4431 1703 4482 χα-

142 4504 396 4573 ρίσματα.
425 4502 587 4569 Λέγει
607 4498 699 4555 οὖν
719 4505 747 4554 6
791 4502 1220 4573 Ἐκκλησιαστὴς
1246 4504 1499 4573 Σολομὼν
1519 4520 1531 4533 ο
1568 4523 1584 4554 ι
1612 4506 1703 4557 Δί-

140 4610 312 4656 καιος,
343 4595 437 4647 ἐὰν
472 4595 652 4664 φθάσῃ
684 4595 1026 4665 τελευτῆσαι,
1046 4595 1106 4646 ἐν
1140 4594 1446 4648 ἀναπαύσει
1475 4594 1649 4648 ἔσται.
1682 4614 1700 4645 ι

141 4684 250 4738 Καὶ
274 4686 433 4739 πάλιν
460 4686 629 4755 φησί·
664 4703 682 4736 ι
708 4686 943 4739 Δικαίων
968 4686 1144 4757 ψυχαὶ
1168 4687 1227 4738 ὲν
1255 4685 1405 4757 χειρὶ
1427 4687 1655 4755 Κυρίου.
1679 4707 1699 4738 ι

142 4779 249 4832 Καὶ
305 4780 421 4848 μετ’
452 4777 609 4846 ὀλίγα
645 4793 659 4807 ⁸
699 4795 719 4829 ι
756 4778 820 4830 Ἦ
840 4777 998 4838 ἐλπὶς
1021 4777 1201 4830 αὐτῶν
1231 4776 1535 4838 ἀθανασίας
1564 4779 1705 4848 πλή-

143 4886 257 4940 ρης.
291 4888 309 4920 ι
346 4871 437 4922 Διό
465 4886 631 4940 φημι,
663 4870 958 4940 ἀγαπητοὶ,
982 4870 1065 4922 ὅτι
1091 4870 1124 4936 ἡ
1155 4868 1264 4922 τῶν
1290 4868 1540 4922 ἐντεῦθεν
1566 4870 1704 4941 πρὸς

138 4963 206 5015 τὰ
238 4964 348 5014 ἐκεῖ
380 4962 795 5031 μεταφοίτησις,
850 4964 965 5023 τοῖς
982 4963 1161 5029 ἁγίοις
1194 4960 1426 5023 πλοῦτος
1461 4961 1553 5014 καὶ
1572 4961 1697 5025 δόξα

141 5051 465 5123 εὑρίσκεται.
502 5053 565 5106 El
596 5053 706 5122 γὰρ
738 5054 833 5106 καὶ
862 5053 923 5107 τὸ
943 5053 1143 5119 γεῶδες
1180 5052 1378 5121 σκῆνος
1410 5052 1470 5115 ἐξ
1494 5048 1562 5124 ἦς
1591 5052 1699 5121 γῆς

138 5142 427 5213 διεπλάσθη
453 5144 855 5209 ἐναποτίθεται,
879 5145 996 5200 ἀλλ’
1025 5145 1124 5198 οὐκ
1159 5144 1559 5214 ἀπεσχισμένον
1590 5144 1703 5214 ἔχει

142 5234 336 5305 νοητῶς
366 5236 428 5287 τὸ
456 5236 745 5305 ὁμόφυλον.
780 5235 1014 5300 Σώζοιτο
1036 5236 1147 5305 γὰρ
1171 5232 1231 5285 τὸ
1258 5234 1378 5286 κατ’
1405 5234 1587 5288 είκόνα
1610 5237 1703 5289 καὶ

212 5432 233 5471 lt
263 5433 297 5486 ll
325 5435 452 5490 Cor.
496 5436 663 5497 v1.16
684 5476 696 5489 .

142 5512 167 5552 1
209 5504 393 5573 Ephes.
427 5522 496 5565 Vl,
534 5507 619 5560 l9.

768 5435 781 5475 ¹
822 5439 1008 5492 Matth.
1034 5456 1109 5503 ix,
1144 5439 1229 5492 lﬁ.

701 5518 720 5544 τ
759 5506 887 5578 Sap.
926 5525 997 5571 Iv.
1030 5508 1080 5564 7.

1308 5449 1344 5476 m
1368 5438 1509 5491 Psal.
1540 5455 1706 5501 uvtt,
1741 5442 1796 5501 5.

1184 5504 1348 5576 'Sap.
1383 5521 1461 5569 ιιι,
1490 5508 1537 5562 l.
1576 5513 1591 5544 ι
1628 5511 1757 5564 ibid.
1782 5508 1833 5563 4.

1879 3506 1989 3562 llas
2028 3504 2214 3574 itaque
2248 3506 2521 3558 sermonis
2558 3502 2850 3557 laudatorii
2916 3502 3160 3571 syllabas
3192 3501 3386 3570 pratia-

1810 3609 1900 3655 tus
1959 3596 2345 3652 sanctissimus
2392 3595 2726 3663 episcopus,
2782 3594 2929 3646 velut
2963 3593 3180 3645 decoris
3220 3593 3384 3643 verba

1809 3688 2142 3759 composuit,
2202 3700 2435 3754 quarum
2487 3693 2574 3738 est
2622 3684 2887 3738 terribilis
2930 3684 3067 3737 ordo
3096 3682 3161 3736 ad
3192 3697 3382 3737 eorum

1799 3777 2263 3838 emendationem,
2304 3775 2394 3845 qui
2419 3775 2722 3845 angelicam
2757 3775 2932 3828 sancti
2975 3772 3153 3826 Patris
3196 3772 3372 3826 nostri

1810 3868 2025 3939 Palapii
2049 3868 2246 3929 vitam,
2274 3866 2507 3935 cupiunt
2536 3866 2807 3919 mmulari.
2840 3864 2979 3929 Quia
3020 3865 3382 3917 nihilominus

1809 3960 1984 4015 voluit
2016 3958 2110 4028 qui
2146 3957 2300 4011 solus
2323 3957 2611 4011 scientiam
2647 3955 2849 4009 docet°
2887 3957 3169 4024 sapientiae
3199 3955 3384 4008 studio

1810 4054 2084 4119 assiduos,
2154 4060 2215 4104 ut
2257 4051 2304 4105 is
2363 4050 2594 4121 gloriam
2659 4059 2714 4103 et
2756 4050 3019 4103 honorem
3070 4048 3325 4103 indueret
3368 4066 3381 4102 :

1810 4141 1969 4205 Nam,
2004 4160 2023 4192 ι
2091 4140 2348 4194 virtutem
2421 4138 2816 4209 magnitudinis
2854 4138 2981 4207 ejus
3012 4139 3138 4206 quis
3162 4153 3387 4191 enume-

1806 4232 1950 4285 rabit
1979 4232 2050 4284 Μ
2089 4250 2106 4281 ι
2140 4230 2257 4296 Ipse
2288 4229 2453 4284 etiam
2480 4245 2787 4284 sermonem
2812 4231 2972 4284 nobis
3005 4230 3058 4282 in
3087 4232 3200 4283 oris
3224 4244 3383 4297 aper-

1809 4310 1962 4376 ti‘one
2015 4321 2229 4376 dederit
2256 4330 2307 4382 τι,
2347 4321 2440 4388 qui
2480 4320 2533 4373 in
2570 4330 2833 4374 aeternum
2891 4322 3027 4373 vivit
3059 4337 3073 4380 ;
3107 4329 3246 4374 utet
3283 4320 3385 4389 ipsi

1810 4430 1930 4484 qua:
2002 4422 2125 4481 post
2159 4413 2279 4481 ejus
2315 4422 2545 4465 mortem
2596 4413 2847 4465 exhibita
2877 4420 3005 4465 sunt
3042 4412 3231 4466 divina
3264 4427 3386 4465 mu-

1807 4524 1961 4570 nera,
2024 4506 2296 4561 desiderio
2369 4504 2623 4559 ﬁdelibus
2707 4506 3013 4558 tradamus.
3070 4506 3159 4558 Ait
3221 4505 3385 4574 igitur

1810 4601 2173 4655 Ecclesiastes
2222 4597 2524 4651 Salomon:
2564 4615 2582 4648 ι
2619 4596 2812 4651 Justus
2862 4607 3065 4661 autem,
3117 4599 3161 4651 si
3207 4608 3384 4652 morte

1809 4698 2225 4762 praeoccupatus
2251 4691 2437 4753 fuerit,
2477 4690 2529 4743 in
2564 4690 2850 4759 refrigerio
2869 4691 2975 4743 erit
3013 4700 3057 4743 ι’,
3102 4709 3118 4741 ι
3149 4691 3384 4744 lterum-

1808 4799 1914 4851 quc
1942 4786 2059 4836 ait:
2100 4802 2119 4834 ι
2157 4783 2437 4836 Justorum
2474 4783 2670 4835 animae
2697 4784 2749 4834 in
2787 4798 2952 4835 manu
2983 4783 3074 4837 Dei
3112 4792 3244 4838 sunt
3274 4790 3319 4836 ³.
3358 4802 3376 4834 ι

1811 4875 1868 4928 Et
1905 4884 2025 4944 post
2053 4890 2221 4945 pauca
2268 4892 2280 4927 :
2326 4893 2345 4925 ι
2381 4873 2516 4942 Spes
2543 4889 2733 4929 eorum
2770 4876 2927 4944 plena
2963 4885 3047 4928 est
3092 4876 3380 4928 immorta-

1810 4968 1963 5021 litate
1993 4969 2037 5020 ι.
2085 4987 2103 5019 ι
2164 4966 2531 5032 Quamobrem
2558 4968 2703 5030 dico,
2738 4969 2944 5031 dilecti,
2995 4969 3379 5033 migrationem

1811 5058 1879 5111 ab
1911 5059 2010 5111 hac
2062 5059 2125 5111 ad
2162 5060 2385 5111 alteram
2439 5060 2627 5121 vitam,
2654 5060 2878 5114 divitias
2906 5060 3116 5114 sanctis
3140 5062 3379 5113 inveniri

1809 5158 1863 5203 et
1914 5151 2145 5220 gratiam
2180 5168 2195 5216 ;
2228 5167 2545 5220 quanquam
2579 5154 2723 5205 enim
2791 5154 3203 5205 tabernaculum
3279 5154 3382 5206 hoc

1810 5251 2086 5297 terrenum
2129 5243 2180 5295 in
2216 5251 2417 5297 terram
2451 5242 2761 5314 deponatur
2789 5259 2855 5298 ex
2899 5259 3007 5313 qua
3047 5247 3233 5298 ﬁctum
3274 5253 3379 5305 est,

1874 5452 1897 5479 η
1929 5442 2031 5498 lsa.
2068 5446 2223 5507 L,ll.
2304 5455 2327 5482 ο
2370 5447 2511 5503 l’sal.
2553 5462 2701 5512 xcm,
2734 5449 2815 5502 10.
2914 5460 2940 5497 ιι
2970 5452 3132 5503 Eccb.
3158 5453 3377 5507 nunt.

1396 5697 1626 5753 Villile
1658 5700 2073 5757 LFCTlONlLS.

210 5785 251 5816 “
282 5784 368 5839 ίσ.
400 5785 809 5855 ἐγκαταλαόεῐν.
