4176 6448
160 326 296 393 1269

1070 332 1166 392 DE
1212 332 1534 392 HUMANA
1587 332 1764 391 VITA
1802 331 1898 390 ET
1922 331 2020 390 DE
2060 331 2500 392 DEFUNCTIS.

3265 324 3399 388 1270

157 438 345 507 χερσὶν
371 438 577 504 ἀγνοεῖ,
621 438 716 491 καὶ
761 437 868 490 τῶν
915 437 1211 505 ἀγνώστων
1269 439 1730 508 καταψηφίζεται.

1861 442 2024 491 υίιιιά
2073 439 2424 507 imaginatur.
2468 439 2833 507 lgnoratqua:
2865 443 2995 491 sunt
3039 437 3091 489 in
3129 437 3405 492 manibus.

158 525 238 580 τὰ
271 530 330 581 ιν
360 528 516 580 ποσὶν
538 527 638 580 οὐκ
663 528 973 590 ἐπίσταται,
1007 529 1190 582 καὶτὰ
1218 532 1276 581 ὲν
1302 528 1426 596 ὕψει
1461 543 1733 596 μετεωρο-

155 615 328 682 λογεῐ.
371 617 435 669 Τί
476 616 614 686 μετὰ
647 618 842 687 μικρὸν
877 618 1024 687 αὐτῷ
1054 619 1394 688 συμδήσεται
1447 617 1523 686 μὴ
1556 617 1732 679 είδὼς.

157 704 351 758 αίώνια
402 706 904 777 καταστοχάζεταιο
946 710 974 760 ὁ
1030 708 1246 778 μικρὸς,
1284 709 1313 760 ό
1359 707 1607 776 εὐτελὴς,
1643 707 1737 758 καὶ

157 796 266 848 τῶν
310 795 618 864 metqu
664 798 1040 868 κατατολμῶν.
1099 797 1419 867 Ἀνθρωπος
1476 798 1538 850 τὸ
1572 801 1738 850 πολυο

156 884 512 954 τροπώτατον
546 886 640 939 καὶ
681 889 1051 957 παμμήχανον
1102 886 1363 956 δργανον·
1414 886 1474 939 τδ
1511 887 1740 940 εὐδαπά-

158 990 321 1042 νητον
359 973 611 1044 φύραμα,
669 976 731 1027 τδ
769 975 916 1044 ζωῆς
946 976 1042 1029 καὶ
1081 975 1315 1029 Θανάτου
1355 975 1630 1044 μεθόριον,
1681 975 1741 1028 τὸ

165 1065 356 1134 νοερὸν
385 1066 444 1117 ὲν
474 1065 578 1138 ὕλῃ
611 1065 892 1135 σύγκριμά
924 1083 982 1119 τε
1028 1067 1122 1118 καὶ
1169 1065 1442 1134 σύνθημα,
1471 1066 1531 1118 τὸ
1569 1068 1627 1118 έν
1654 1066 1735 1118 αἰ-

161 1156 380 1224 σθητοῖς
430 1155 650 1224 λογικὸν
706 1157 1080 1226 ἀποτέλεσμα,
1128 1159 1156 1210 ὁ
1187 1155 1608 1226 άχειρότευκτος
1646 1155 1741 1207 άν-

157 1245 336 1314 δριάς.
377 1247 438 1301 τὸ
468 1246 713 1316 ἔμψυχον
743 1247 993 1316 ἄγαλμα,
1027 1249 1088 1300 τὸ
1118 1247 1461 1318 περιώνυμον
1495 1246 1653 1311 ζῶον,
1685 1247 1743 1298 τὸ

158 1337 563 1407 εύδιάγραπτον
603 1338 857 1408 ῐνδαλμα,
917 1339 977 1391 τδ
1034 1337 1270 1400 θεοειδὲς
1320 1339 1648 1406 κάτοπτρον,
1683 1338 1744 1390 τὸ

158 1425 272 1477 τῶν
293 1427 415 1489 ,άνω
449 1426 540 1478 καὶ
574 1425 726 1478 κάτω
758 1425 1106 1495 μεταίχμιον,
1140 1425 1200 1476 τὸ
1237 1423 1430 1492 ὁρατὸν
1471 1425 1563 1474 καὶ
1596 1423 1746 1474 νοού-

163 1532 328 1584 μενον
376 1515 653 1587 σύστημα,
702 1517 765 1569 τὸ
797 1517 1045 1570 δεκτικὸν
1077 1515 1283 1585 φθορᾶς
1322 1515 1416 1568 καὶ
1448 1514 1741 1567 ἀνάλωτον.

163 1606 487 1678 ’Ἄνθρωπος
516 1607 578 1660 τὸ
621 1607 938 1677 αὑθὴμερον
967 1605 1149 1670 ἄνθος,
1177 1607 1237 1658 τὸ
1264 1605 1583 1659 εὐδιάδατον
1611 1606 1748 1658 ἀπο.

161 1701 434 1769 σκίασμα.
472 1702 504 1770 ὴ
546 1701 889 1771 εὐμάραντος
914 1699 1069 1771 χλόη,
1101 1699 1166 1752 τδ
1199 1698 1470 1752 εὐάλωτον
1499 1698 1743 1768 θήραμα,

158 1790 225 1842 τὸ
254 1789 682 1859 εὺδραπέτευτον
711 1789 1065 1860 ἀνδράποδον,
1098 1788 1160 1842 τδ
1193 1787 1504 1851 πολυπαθὲς
1533 1788 1624 1840 καὶ
1657 1786 1747 1838 sfa-

157 1880 414 1934 διάλυτον
474 1881 639 1945 ζῶον.
689 1884 718 1935 ὀ
754 1881 947 1951 πηλὸς,
995 1882 1090 1934 καὶ
1125 1881 1194 1933 τὰ
1246 1879 1460 1948 μεγάλα
1495 1877 1702 1946 φυσῶν,
1733 1880 1760 1931 ό

160 1971 351 2042 χνοῦς.
387 1973 484 2026 καὶ
512 1972 583 2026 τά
611 1973 725 2027 ἂνω
767 1973 1106 2043 περιαθρῶν.
1141 1972 1314 2025 Τοῦτο
1343 1971 1523 2025 τοίνυν
1569 1973 1632 2022 τὸ
1664 1986 1761 2022 πο-

161 2062 457 2132 λυώνυμον
509 2063 649 2128 ζῶον
687 2066 716 2117 ὁ
763 2051 1074 2136 ἄνθ’ρωπος,
1113 2064 1316 2125 πολλὰς
1361 2062 1460 2132 μὲν
1512 2061 1624 2131 ἔχει
1661 2061 1758 2124 τὰς

158 2154 527 2217 ἐπεισάκτους
564 2157 640 2224 πῆ
680 2155 779 2224 μὶν
826 2157 965 2225 πρὸς
991 2154 1060 2209 τὰ
1094 2153 1285 2225 χείρω,
1339 2157 1414 2223 πῆ
1448 2154 1504 2206 δὲ
1531 2154 1667 2224 πρὸς
1693 2153 1759 2205 τὰ

164 2244 383 2314 βελτίω,
422 2245 748 2314 μεταϐολὰς,
799 2245 1001 2309 πολλάς
1061 2246 1131 2307 δὲ,
1173 2246 1272 2309 τὰς
1306 2245 1573 2313 ἐλλείψεις
1622 2247 1760 2314 πρὸς

163 2337 374 2391 τούτων
404 2338 685 2408 ἑκάτερον.
713 2339 792 2409 Τῇ
816 2339 925 2408 γὰρ
956 2339 1247 2410 ἀφαιρέσει
1275 2337 1383 2391 τῶν
1406 2339 1758 2407 κρειττόνων,

167 2428 270 2491 τὰς
323 2429 685 2499 άντεισφορᾶις
744 2430 1128 2497 είσόεξάμενος
1172 2429 1283 2481 τῶν
1339 2430 1622 2499 χειρόνων,
1680 2431 1761 2493 είς

169 2518 464 2587 πολυπαθῆ
504 2518 574 2571 δι’
595 2519 878 2588 ἐμπαθοῦς
904 2519 1207 2588 μετέπεσεν
1228 2518 1567 2590 αὐθαιρέτως
1591 2519 1757 2589 ζωήν.

187 2607 410 2678 Ἐπειδὴ
445 2610 553 2678 γὰρ
585 2611 726 2679 χειρὶ
757 2609 895 2662 Θεοῦ
920 2611 1014 2663 καὶ
1042 2611 1212 2663 εἰκόνι
1241 2611 1599 2685 διαπλασθεὶς
1623 2610 1760 2680 μετὰ

170 2699 276 2768 τὴν
305 2700 506 2765 κτίσιν,
544 2701 686 2772 ὑπὲρ
720 2699 819 2769 τὴν
842 2702 1020 2755 κτίσιν
1054 2703 1338 2773 τετίμητο,
1364 2696 1480 2755 εἶτα
1506 2703 1603 2770 τῆς
1631 2702 1761 2756 ἀθα-

172 2789 371 2852 νασίας
409 2792 838 2862 προηγουμένως
892 2794 950 2845 εν
1007 2792 1234 2863 χάριτος
1281 2793 1448 2863 μοίρᾳ
1479 2794 1541 2845 τὸ
1571 2793 1761 2864 δέῤῥος

171 2877 620 2952 ἀμφιασάμενος,
659 2885 752 2936 καὶ
794 2884 894 2951 τῆς
943 2885 1255 2955 ἀφθαρσίας
1289 2887 1388 2953 τὴν
1414 2885 1607 2955 στολὴν
1636 2888 1752 2938 ἑπο-

177 2972 357 3041 μένως
390 2972 725 3044 ἠμπέσχετο.
774 2975 924 3028 Ἔδει
967 2975 1046 3038 δε,
1079 2977 1302 3030 πάντων
1322 2974 1458 3046 όμοῦ
1486 2976 1618 3042 τῶν,
1660 2977 1762 3030 ὅσα

173 3061 286 3161 ὑπὸ
453 3063 729 3134 αἴσθησιν,
781 3068 876 3118 καὶ
920 3067 1022 3121 ὅσα
1075 3067 1280 3138 ταύτην
1325 3068 1757 3139 ὑπερανέστηκε,
1787 3100 1832 3161 c

172 3154 278 3211 τὸν,
304 3153 454 3219 θείας
508 3158 567 3209 ιν
616 3158 880 3227 μετουσία
934 3159 1262 3228 κηδεμονῐας
1299 3161 1614 3231 γενόμενον,
1655 3161 1761 3214 τῶν

179 3246 305 3315 μὲν,
351 3247 750 3321 ύπεραρθῆναι,
807 3255 917 3315 τοῖς
953 3253 1032 3313 δὲ.
1076 3254 1480 3327 ἁμιλληθῆναι⁹
1534 3258 1600 3326 τῇ
1642 3255 1764 3310 κατ’

176 3338 469 3410 ἀμφότερα
510 3340 656 3410 λέγω
698 3343 808 3396 τῶν
848 3345 1033 3416 μερῶν
1066 3347 1384 3418 οίκειότητι.
1434 3348 1545 3400 Καὶ
1573 3347 1763 3400 τούτου

176 3428 452 3500 τετύχηκε
479 3434 921 3505 μεγαλοπρεπῶς
952 3454 1013 3490 τε
1045 3438 1163 3507 ἅμα
1198 3440 1290 3492 καὶ
1319 3439 1640 3510 φιλοτίμως,
1671 3441 1764 3493 καὶ

172 3521 257 3585 ὡς
289 3522 388 3576 οὐκ
431 3522 497 3577 ἄν
521 3543 607 3588 τις
637 3527 918 3582 είκάσαιτο
947 3530 1082 3583 Θεοῦ
1126 3531 1544 3600 μεγαλοδωρεάν
1576 3533 1654 3601 τῷ
1685 3534 1764 3586 oi-

176 3614 317 3686 κείῳ
349 3619 447 3687 τῆς
480 3619 672 3672 ἑαυτοῦ
707 3622 888 3690 χειρὸς
932 3624 1429 3694 συνεμπρέπουσαν
1461 3626 1762 3695 πλάσματι.

175 3707 292 3760 Καὶ
315 3707 379 3778 δὴ
415 3709 510 3762 καὶ
539 3712 755 3781 τρυφὴν
781 3711 894 3782 εἶχε
935 3714 996 3768 τὸ
1019 3715 1231 3786 ζωηρὺν
1262 3717 1439 3770 ἰκετνο
1467 3717 1559 3769 τοῦ
1587 3736 1765 3789 παρα-

174 3798 360 3853 δείσου
394 3802 592 3872 χωρίον
615 3820 628 3833 υ
665 3804 786 3857 καθ’
813 3807 879 3876 ἢν
909 3807 940 3876 ἡ
966 3807 1033 3860 δι’
1057 3808 1336 3872 ἀπωθείας
1373 3809 1555 3880 ὡρᾶτο
1591 3829 1767 3880 μακα-

180 3891 400 3962 ριότης·
424 3894 519 3947 καὶ
550 3896 584 3965 ὴ
612 3897 730 3965 μετ’
754 3898 1004 3966 ἀγγέλων
1027 3899 1272 3970 διαγωγή
1298 3917 1312 3931 ·
1345 3900 1562 3968 ἀξίωμα
1585 3901 1663 3966 δὲ,
1706 3903 1766 3956 τὸ

175 3983 400 4050 λογικόν
424 4001 483 4038 τε
508 3985 606 4039 καὶ
630 3986 837 4058 νοερδν,
875 3989 972 4042 καὶ
999 3988 1288 4055 ἀθάνατον,
1314 3992 1409 4044 καὶ
1434 3991 1760 4064 ἀνώλεθρον.

179 4073 278 4129 ἅτε
311 4075 460 4139 θείας
490 4079 895 4149 συμμετααχὼν
927 4081 1284 4152 ὡραιότητος,
1337 4082 1437 4154 τὴν
1474 4084 1573 4154 τῆς
1608 4085 1762 4154 πρώ-

177 4182 284 4236 της
314 4167 523 4232 εῑκόνος
558 4170 948 4253 ἀποτυπούσης
979 4175 1304 4244 ἐμφέρειαν.
1355 4175 1498 4246 Πρὸς
1529 4175 1761 4241 τούτοις,

179 4255 266 4309 ἔτι
316 4257 536 4313 πάντων
580 4260 718 4331 ὁμοῦ
748 4262 858 4315 τῶν
889 4262 1045 4326 ζώων
1095 4264 1193 4336 τὴν
1234 4266 1483 4338 κυρείαν·
1522 4268 1626 4321 ὅσα
1667 4267 1766 4337 τὴν

179 4348 292 4418 γῆν
320 4349 502 4422 ἕρπει,
537 4353 633 4407 καὶ
663 4354 768 4407 τὸν-
787 4355 928 4425 ἀέρα
957 4357 1168 4426 τέμνει,
1201 4359 1295 4411 καὶ
1323 4358 1421 4428 τὴν
1445 4360 1618 4431 ὑγρὰν
1646 4360 1763 4414 δια-

1837 538 1894 584 et
1922 530 1988 583 de
2024 531 2229 596 ignotis
2275 532 2548 584 decernit.
2584 527 2774 583 Nescit
2802 544 2925 598 qua:
2952 537 3084 582 sunt
3114 526 3180 580 ad
3217 527 3404 592 ιιειίρε,

1837 628 1892 673 ει
1940 619 2008 673 de
2056 621 2294 674 excelsis
2350 629 2777 675 commentatur.
2829 618 3060 673 Nescius
3099 617 3236 684 quid
3287 631 3410 684 post

1841 708 2116 762 modicum
2178 709 2282 776 ipsi
2332 717 2658 764 eventurum
2715 710 2809 772 sit,
2859 717 3063 762 eterna
3111 704 3324 771 iudicat
3357 714 3412 756 ct

1839 801 2082 868 exquirit
2115 816 2128 853 :
2177 802 2448 863 modicus,
2499 801 2760 868 vilisque,
2795 799 3004 868 quique
3045 799 3411 852 nihilominus

1841 893 2168 948 im-oncessa
2195 901 2508 961 prasumat.
2541 890 2716 944 llomo
2744 905 3003 960 perquam
3032 887 3410 940 multimodum

1841 992 1896 1037 et
1936 983 2001 1036 ad
2049 987 2230 1037 omnia
2276 992 2656 1053 comparatum
2702 997 2994 1048 organum,
3053 980 3231 1032 facilis
3275 993 3411 1029 cou-

1842 1076 1986 1128 sumi
2023 1089 2227 1136 massa.
2269 1076 2397 1128 vita:
2424 1084 2478 1128 et
2507 1075 2666 1125 morti
2709 1071 3114 1128 coutcrminus.
3146 1069 3412 1137 spiritalis

1844 1168 1898 1220 in
1948 1167 2177 1219 materia
2221 1167 2510 1220 concretio
2561 1164 3022 1232 compositinquc,
3064 1160 3292 1213 effectus
3330 1172 3414 1208 ra-

1845 1257 2070 1310 tionalis
2120 1256 2174 1309 in
2225 1257 2394 1309 rebus
2452 1256 2640 1308 sensui
2707 1254 2999 1321 subjectis,
3067 1262 3246 1305 statua
3303 1264 3413 1300 non

1848 1363 2012 1401 manu
2049 1346 2217 1408 facta,
2263 1347 2627 1401 simulacrum
2687 1347 3011 1402 animatum,
3049 1341 3265 1394 celebre
3294 1339 3414 1388 ani-

1848 1440 1978 1502 mal,
2025 1440 2440 1507 repraesentatio
2504 1439 2824 1505 speciesque
2887 1449 3150 1502 expresso
3211 1431 3412 1490 facilis,

1847 1530 2118 1585 deiforme
2193 1530 2499 1596 speculum,
2555 1529 2878 1582 cmicstihus
2944 1523 3416 1587 terrestribusque

1850 1621 2138 1686 interiecta
2196 1616 2576 1686 intercapedo,
2630 1615 2869 1668 visibilis
2937 1621 2992 1667 ct
3050 1610 3418 1680 iutelligihilis

1851 1724 2141 1780 compago.
2170 1723 2311 1778 ,ιιιιω
2360 1717 2415 1762 et
2467 1710 2539 1761 sit
2583 1705 2926 1774 corruptioni
2987 1703 3246 1756 obnoxia.
3305 1709 3360 1752 et
3389 1714 3418 1750 a

1853 1801 2208 1870 carruptione
2239 1799 2521 1853 immunis.
2543 1798 2738 1863 Ilomo,
2767 1797 2874 1849 dici
2904 1795 3066 1848 unius
3095 1793 3217 1855 flos,
3238 1791 3421 1844 adum-

1858 1892 2039 1948 bratio
2084 1891 2272 1961 fugas,
2326 1889 2493 1943 herba
2548 1887 2708 1942 facile
2737 1899 3103 1946 marcescms,
3143 1890 3305 1950 captu
3340 1880 3422 1932 fa-

1853 1984 1978 2038 cilis
2001 1990 2259 2044 venatus,
2316 1979 2477 2035 facile
2507 1979 2574 2033 ad
2606 1978 2790 2049 fugam
2825 1965 3184 2044 mdncipium.
3219 1970 3422 2025 animal

1858 2075 2048 2129 multis
2093 2073 2393 2128 obnoxium
2447 2071 2678 2134 morbis,
2736 2077 2791 2123 et
2830 2067 2977 2137 quod
3030 2066 3191 2118 facile
3224 2063 3422 2116 resolvi

1860 2164 2073 2233 possit;
2109 2163 2304 2224 lutum,
2335 2171 2393 2214 ut
2429 2159 2794 2215 nihilominus
2842 2158 3011 2209 altum
3058 2155 3274 2222 sapiat;
3305 2152 3423 2220 pul-

1859 2257 1962 2318 vis,
2001 2265 2058 2308 ut
2093 2261 2271 2307 tamen
2325 2253 2575 2308 coelestia
2621 2250 3053 2317 contempletur.
3088 2245 3202 2299 lloc
3237 2245 3424 2310 itaque

1857 2347 2049 2402 multis
2101 2345 2318 2415 insigne
2376 2344 2691 2398 nominibus
2733 2342 2960 2401 animai,
3012 2339 3195 2400 homo,
3247 2340 3424 2386 muta-

1859 2439 2045 2492 tiones
2091 2439 2312 2496 multas.
2359 2451 2465 2505 qua
2517 2435 2580 2488 ad
2614 2435 2880 2494 deterius,
2911 2446 3017 2499 qua
3079 2429 3145 2482 ad
3206 2427 3425 2490 mclius,

1859 2529 2113 2584 inductas
2163 2529 2394 2598 recipit;
2452 2526 2639 2580 multis
2693 2540 2820 2582 vero
2869 2523 3015 2592 quod
3085 2526 3299 2588 spectat
3359 2517 3424 2569 ad

1860 2636 2178 2693 utrumque,
2231 2622 2539 2678 defectibus
2610 2621 2848 2678 laborat.
2920 2615 3169 2670 Sublatis
3224 2612 3429 2680 quippe

1862 2715 2204 2779 melioribus,
2241 2729 2435 2769 eorunt
2473 2714 2597 2766 loco
2625 2713 2851 2765 imlucta
2884 2709 3071 2778 pejora
3109 2706 3427 2762 admittens,

1860 2824 1890 2862 e
1922 2809 2028 2861 vita
2068 2807 2390 2877 passionum
2418 2804 2571 2859 vitiis
2623 2802 2958 2871 mancipata,
3002 2799 3056 2852 in
3085 2799 3250 2851 vitam
3290 2794 3422 2847 Itlttl-

1863 2897 1934 2950 tis
1972 2895 2332 2964 passionihus
2355 2893 2639 2955 afllictam,
2690 2906 2790 2945 sua
2827 2891 2940 2959 ipse
2981 2895 3180 2958 sponte
3209 2883 3427 2938 recidit.

1861 2980 2017 3048 Quod
2049 2981 2194 3036 enim
2230 2979 2322 3034 Dei
2358 2979 2518 3034 fictus
2551 2995 2713 3034 manu
2732 2988 2869 3048 .post
2896 2985 3107 3041 creata,
3133 2989 3240 3044 pra:
3278 2987 3434 3026 crea-

1862 3073 1958 3136 ιῖες
1991 3072 2354 3142 νιπτοαπιίνα
2383 3072 2638 3142 imaginis
2681 3072 2946 3125 honorem
2981 3068 3295 3129 habuisset,
3330 3065 3433 3119 im-

1865 3161 2222 3220 mortalitatis
2273 3161 2472 3230 pravie
2522 3161 2745 3230 pellem,
2793 3174 2892 3214 ceu
2942 3158 2995 3211 in
3030 3155 3278 3212 beneficii
3311 3169 3434 3222 par-

1865 3262 1999 3317 tem,
2029 3236 2285 3317 indutus,
2319 3261 2724 3321 consequenter
2779 3252 2946 3306 etiam
2992 3245 3434 3316 incorruptiouis

1865 3346 2132 3409 tunicam,
2170 3345 2459 3400 induisset.
2490 3343 2594 3398 Par
2617 3344 2761 3398 enim
2793 3350 2935 3407 erat,
2978 3351 3037 3394 ut
3070 3343 3163 3410 qui
3191 3339 3434 3393 onminm

1867 3439 2058 3501 simul,
2091 3448 2205 3493 tum
2236 3454 2359 3509 quae
2387 3439 2592 3492 cadunt
2621 3437 2722 3492 sub
2759 3451 2983 3491 sensum
3013 3443 3126 3488 tmn
3160 3447 3283 3502 qua
3308 3433 3438 3485 emi-

1865 3540 2002 3593 nent
2038 3531 2252 3596 scnsui,
2308 3531 2508 3585 divinae
2552 3529 2921 3583 Providcntia:
2966 3541 3220 3593 curaeque
3270 3526 3440 3593 pzttti-

1866 3637 1999 3692 ceps
2035 3620 2266 3678 eﬂectns
2289 3631 2464 3685 esset,
2503 3622 2627 3676 aliis
2665 3621 2886 3691 quidem
2917 3620 3277 3690 prmcelleret,
3313 3633 3436 3669 cum

1863 3715 1996 3770 aliis
2025 3725 2207 3769 autem
2240 3721 2516 3779 certaret;
2560 3713 2821 3784 partium,
2853 3712 3104 3782 inquam,
3133 3709 3197 3764 ad
3231 3711 3437 3784 alteru-

1867 3815 1952 3860 tra
1980 3807 2286 3860 alliuitate:
2322 3807 2466 3872 quod
2522 3816 2818 3874 utrumque
2868 3805 3162 3874 magnifice
3185 3802 3347 3856 simul
3387 3811 3442 3853 ct

1867 3897 2160 3953 ambitiose
2205 3905 2546 3952 consecutus
2596 3904 2726 3952 cst:
2772 3895 2907 3950 adeo
2962 3902 3018 3946 ut
3058 3908 3217 3950 nemo
3281 3891 3442 3944 facile

1867 3989 1965 4044 Dei
2013 3988 2508 4060 magnificentiam,
2555 3987 2778 4060 proprio
2844 4003 2961 4044 suae
3020 3988 3194 4056 ipsius
3247 4001 3444 4039 manus

1866 4081 2128 4152 ﬁgmento
2155 4096 2481 4154 congruam,
2515 4080 2896 4138 aestimaverit.
2925 4079 3134 4133 Habeat
3169 4079 3442 4145 siquidem

1865 4175 2052 4230 vitalis
2099 4175 2196 4230 ille
2236 4174 2484 4245 paradisi
2536 4175 2692 4230 locus
2714 4174 3094 4243 voluptatem;
3122 4187 3256 4240 qua,
3285 4171 3443 4224 beata

1867 4266 1936 4320 ab
1957 4264 2346 4322 aﬂectionibus
2398 4266 2648 4322 vacuitas
2680 4265 3033 4326 cernebatur,
3077 4262 3448 4319 COIIWI‘Sntio-

1865 4374 1974 4428 que
1998 4373 2123 4414 cum
2145 4357 2392 4428 angelis;
2415 4357 2657 4428 dignitas
2684 4357 2921 4424 denique
2953 4354 3259 4418 rationalis,
3283 4354 3448 4409 intcl-

180 4442 408 4512 νήχεται
454 4444 640 4514 φύσινο
680 4447 792 4500 τῶν
820 4466 882 4502 τε
913 4451 972 4502 ιν
1002 4451 1321 4522 παραδείσῳ
1360 4453 1566 4520 φυτῶν,
1624 4455 1760 4525 πλὴν

1882 4450 2268 4519 lectualisque,
2302 4457 2360 4505 et
2418 4449 2772 4513 immortalis,
2801 4462 2902 4502 nec
2942 4447 3292 4516 corruptioni
3347 4447 3449 4500 ob-

180 4531 309 4602 ενδς
340 4533 528 4602 μόνου.
553 4537 646 4606 ,ἔφ’
671 4531 732 4592 οὗ
769 4538 831 4612 τὸ
864 4541 964 4610 της
987 4540 1211 4610 ιντολῆς
1238 4543 1587 4614 ἐνεσημάνθη
1627 4562 1760 4615 προ-

181 4624 471 4695 χάραγμα’
493 4630 657 4682 οίονεί⁵
683 4617 987 4702 γυμνάσιον
1005 4633 1154 4703 αύτῷ
1182 4636 1462 4704 προτεθὲν,
1499 4639 1634 4708 πρὸς
1669 4641 1768 4708 τὴν

179 4715 253 4768 δι’
283 4717 488 4788 ἀρετῆς
537 4720 621 4783 είς
658 4722 912 4795 ὑπακοὴν
949 4724 1189 4788 πίστεως
1219 4725 1550 4798 τελειότητα.
1585 4729 1770 4802 Ταύτῃ

183 4809 296 4878 γὰρ
320 4809 417 4879 τῆς
455 4812 666 4876 είκόνος
694 4814 755 4881 rb
781 4815 1015 4878 θεοειδὲς
1041 4816 1323 4888 άλώὸητον
1351 4819 1657 4885 διασώζοιτ⁹
1682 4823 1768 4884 ἂν,

183 4900 282 4952 καὶ
313 4901 411 4968 τῆς
465 4903 603 4967 πρὸς
659 4903 723 4958 τὸ
760 4906 988 4978 ἀρχαῖον
1024 4910 1221 4972 κάλλος
1257 4911 1666 4976 άποτυπώσεως
1715 4918 1774 4968 εν

187 4990 370 5060 ταυτῷ
405 4993 554 5063 μένοι
584 4995 646 5048 τδ
674 4997 1029 5070 άφομοίωμα,
1060 5003 1158 5070 τῆς
1184 5005 1394 5067 οἰκείας
1429 5006 1530 5058 οὐκ
1565 5004 1777 5069 ἐξιστά-

187 5097 354 5150 μενον
377 5081 763 5157 μονιμότητος.
782 5087 946 5153 Ἀλλ’,
975 5090 1158 5161 οἷμοιί
1193 5093 1399 5146 τούτων
1430 5095 1580 5158 ὅπως
1601 5098 1777 5148 είπεῖν

185 5174 289 5225 οὐκ
328 5173 457 5244 ἔχω,
500 5175 815 5241 δελεασθεὶς
857 5181 965 5234 ὑπὸ
1003 5184 1301 5255 συμσούλῳ
1329 5185 1408 5254 τῷ
1431 5187 1647 5257 δαίμονι
1690 5189 1779 5242 διὰ

183 5263 289 5334 τὴν
322 5265 460 5335 πρὸς
486 5269 556 5320 τὰ
583 5269 821 5340 αἰσθητὰ
868 5273 1026 5344 ρέψιν
1067 5293 1128 5328 τε
1179 5277 1274 5331 καὶ
1314 5277 1576 5340 διάθεσιν.
1605 5280 1774 5353 ἄρδην

185 5356 501 5427 ιστέρηται·
522 5360 856 5433 παραδείσου
885 5367 1009 5436 μιν,
1027 5368 1211 5423 οὐκέτι
1243 5369 1469 5437 πολίτης
1490 5372 1774 5442 ᾁδόμενος.

180 5447 251 5540 ού
288 5447 546 5518 βασιλεὺς
570 5453 681 5507 τῶν
709 5454 816 5510 ὑπὸ
858 5460 1017 5540 χεζρα
1064 5461 1604 5532 μεγαλαυχούμενος.
1654 5463 1778 5528 Πῶς

182 5538 300 5637 γὰρ
334 5541 456 5637 δᾷτῇ
492 5543 704 5623 κτίρονι
730 5538 1125 5624 προστετηκὼς
1166 5555 1276 5608 τῶν
1308 5556 1497 5611 παθῶν
1530 5557 1779 5637 εὐηθείᾳ⁹

178 5633 285 5699 ,καὶ
307 5635 428 5700 ταῖς
463 5637 800 5710 παραλόγοις
835 5643 946 5697 τῶν
985 5645 1194 5717 ἡδονῶν
1228 5639 1516 5720 ὑποκύψας
1555 5633 1774 5721 ὁρματςξ

183 5722 290 5794 τῆς
320 5726 580 5802 τοιαύτης
611 5731 810 5802 γένοιτ’
847 5735 915 5792 ἂν
945 5736 1242 5807 διαπαντὸς
1270 5742 1330 5796 ιν
1363 5743 1630 5816 μετουσίᾳ
1681 5761 1776 5816 με-

1875 4544 2045 4602 noxia
2075 4584 2089 4608 ,
2142 4544 2291 4598 velut
2324 4541 2525 4598 divina:
2566 4540 2997 4611 pulchritudinis
3037 4541 3307 4610 participe
3356 4541 3454 4591 lm-

1877 4636 2046 4700 mine,
2077 4643 2341 4689 accurata
2402 4631 2595 4702 prima:
2641 4634 2897 4703 imaginis
2944 4635 3329 4701 expressioue.
3367 4628 3451 4682 Διί

1879 4723 1995 4782 haec
2038 4742 2166 4783 vero
2208 4727 2372 4780 etiam
2411 4726 2468 4782 in
2512 4726 2773 4781 animalia
2813 4725 3000 4780 omnia
3040 4725 3306 4778 donatum
3349 4723 3452 4776 im-

1879 4821 2123 4890 perium.
2164 4829 2277 4878 tum
2319 4835 2381 4874 ea
2413 4836 2537 4889 qua:
2589 4827 2809 4889 reptant
2843 4833 3010 4888 super
3042 4827 3286 4878 terram,
3336 4824 3450 4868 tum

1874 4929 1999 4982 quae
2053 4920 2242 4968 secant
2283 4927 2493 4976 aerem,
2546 4922 2661 4966 tum
2711 4927 2834 4982 qum
2883 4925 3084 4980 aquam
3136 4917 3448 4980 pernataut.

1875 5003 2040 5060 Facta
2075 5007 2203 5064 item
2240 5005 2480 5075 paradisi
2521 5007 2785 5061 arborum
2819 5004 3103 5064 .facultas,
3156 5017 3264 5056 una
3314 5004 3451 5054 duu-
3524 5064 3526 5066 τ

1875 5106 2023 5152 tant
2073 5109 2326 5168 excepta,
2380 5099 2436 5152 in
2486 5115 2592 5168 qua
2643 5097 2822 5151 divini
2864 5095 3112 5152 mandati
3141 5094 3456 5165 designatio

1876 5190 2248 5260 signaretur:
2291 5192 2443 5245 velut
2490 5191 2545 5245 in
2601 5191 2931 5245 exercitium
2972 5188 3258 5258 proposito
3305 5187 3457 5254 ligno

1880 5283 1946 5336 ad
1997 5283 2329 5338 obedientie
2378 5283 2502 5339 fidei
2559 5282 3121 5338 consummationem.
3181 5281 3273 5334 Sic
3309 5281 3455 5333 enim

1878 5377 2092 5444 integra
2117 5375 2319 5431 divime
2355 5377 2618 5446 imaginis
2647 5378 2863 5445 species
2896 5371 3284 5430 conservanda
3317 5382 3457 5434 crat,

1879 5483 2258 5541 expressaque
2297 5469 2372 5540 adv
2420 5471 2705 5540 antiquam
2751 5467 3218 5538 pulchritudinem
3263 5467 3463 5522 simili-

1882 5560 2042 5625 tudo,
2075 5545 2211 5615 nihil
2239 5577 2338 5617 sua
2370 5561 2644 5618 decedens
2688 5561 3011 5627 stabilitate,
3050 5559 3246 5616 eodem
3297 5562 3464 5612 modo

1855 5654 2120 5714 ‘ltabeus.
2169 5668 2454 5709 mansura.
2509 5654 2642 5716 Sed.
2681 5655 2785 5709 hcn
2841 5656 2958 5709 me!
3003 5653 3217 5716 nescio,
3271 5659 3333 5706 ut
3378 5652 3464 5702 his“

1883 5746 2166 5816 omnibus,
2220 5747 2431 5804 diaboli
2473 5749 2816 5807 consulentis
2857 5747 3053 5804 fraude
3123 5761 3223 5803 sua
3266 5746 3360 5803 illa
3396 5743 3464 5798 ad
