  <div class='ocr_page' id='page_1' title='image "/cluster/home/n/w/nwhite01/storage/ocr_20150623/87/nnc1.0046979751/654.png"; bbox 0 0 4124 6450; ppageno 0'>
   <div class='ocr_carea' id='block_1_1' title="bbox 59 337 255 403">
    <p class='ocr_par' dir='ltr' id='par_1_1' title="bbox 59 337 255 403">
     <span class='ocr_line' id='line_1_1' title="bbox 59 337 255 403; baseline 0 0"><span class='ocrx_word' id='word_1_1' title='bbox 59 337 255 403; x_wconf 72' lang='grc'><strong>-1337</strong></span> 
     </span>
    </p>
   </div>
   <div class='ocr_carea' id='block_1_2' title="bbox 1401 310 2022 406">
    <p class='ocr_par' dir='ltr' id='par_1_2' title="bbox 1401 310 2022 406">
     <span class='ocr_line' id='line_1_2' title="bbox 1401 310 2022 406; baseline -0.002 0"><span class='ocrx_word' id='word_1_2' title='bbox 1401 310 1714 406; x_wconf 77' lang='lat' dir='ltr'><strong>MAGNUS</strong></span> <span class='ocrx_word' id='word_1_3' title='bbox 1751 347 2022 406; x_wconf 82' lang='lat' dir='ltr'><strong>CANON.</strong></span> 
     </span>
    </p>
   </div>
   <div class='ocr_carea' id='block_1_3' title="bbox 3203 344 3338 409">
    <p class='ocr_par' dir='ltr' id='par_1_3' title="bbox 3203 344 3338 409">
     <span class='ocr_line' id='line_1_3' title="bbox 3203 344 3338 409; baseline 0.015 -2"><span class='ocrx_word' id='word_1_4' title='bbox 3203 344 3338 409; x_wconf 76' lang='lat'><strong>1338</strong></span> 
     </span>
    </p>
   </div>
   <div class='ocr_carea' id='block_1_4' title="bbox 195 435 1678 529">
    <p class='ocr_par' dir='ltr' id='par_1_4' title="bbox 195 453 1675 529">
     <span class='ocr_line' id='line_1_4' title="bbox 195 453 1675 529; baseline 0.004 -23"><span class='ocrx_word' id='word_1_5' title='bbox 195 454 509 524; x_wconf 78' lang='grc' dir='ltr'><strong>Ἐνδέδυμαι</strong></span> <span class='ocrx_word' id='word_1_6' title='bbox 555 453 948 526; x_wconf 74' lang='grc' dir='ltr'><strong>διερρηγμένον</strong></span> <span class='ocrx_word' id='word_1_7' title='bbox 992 458 1226 526; x_wconf 82' lang='grc' dir='ltr'><strong>χιτῶνα,</strong></span> <span class='ocrx_word' id='word_1_8' title='bbox 1277 459 1336 512; x_wconf 82' lang='grc' dir='ltr'><strong>δν</strong></span> <span class='ocrx_word' id='word_1_9' title='bbox 1374 459 1675 529; x_wconf 81' lang='grc' dir='ltr'><strong>ὲξυφάνατό</strong></span> 
     </span>
    </p>
   </div>
   <div class='ocr_carea' id='block_1_5' title="bbox 1781 435 3334 529">
    <p class='ocr_par' dir='ltr' id='par_1_5' title="bbox 1845 435 3334 522">
     <span class='ocr_line' id='line_1_5' title="bbox 1845 435 3334 522; baseline -0.001 -13"><span class='ocrx_word' id='word_1_10' title='bbox 1845 457 2000 510; x_wconf 89' lang='lat' dir='ltr'><strong>lndui</strong></span> <span class='ocrx_word' id='word_1_11' title='bbox 2030 459 2256 512; x_wconf 77' lang='lat' dir='ltr'><strong>scissam</strong></span> <span class='ocrx_word' id='word_1_12' title='bbox 2296 455 2530 509; x_wconf 81' lang='lat' dir='ltr'><strong>medium</strong></span> <span class='ocrx_word' id='word_1_13' title='bbox 2563 454 2827 514; x_wconf 87' lang='lat' dir='ltr'><strong>tunicam,</strong></span> <span class='ocrx_word' id='word_1_14' title='bbox 2860 435 3024 522; x_wconf 80' lang='lat' dir='ltr'><strong>quam</strong></span> <span class='ocrx_word' id='word_1_15' title='bbox 3052 451 3188 506; x_wconf 84' lang='lat' dir='ltr'><strong>mihi</strong></span> <span class='ocrx_word' id='word_1_16' title='bbox 3222 469 3334 508; x_wconf 80' lang='lat' dir='ltr'><strong>scr-</strong></span> 
     </span>
    </p>
   </div>
   <div class='ocr_carea' id='block_1_6' title="bbox 113 544 1514 621">
    <p class='ocr_par' dir='ltr' id='par_1_6' title="bbox 113 544 1514 621">
     <span class='ocr_line' id='line_1_6' title="bbox 113 544 1514 621; baseline 0.008 -26"><span class='ocrx_word' id='word_1_17' title='bbox 113 563 204 614; x_wconf 84' lang='grc' dir='ltr'><strong>μοι</strong></span> <span class='ocrx_word' id='word_1_18' title='bbox 234 547 261 596; x_wconf 84' lang='grc' dir='ltr'>ὁ</span> <span class='ocrx_word' id='word_1_19' title='bbox 286 544 409 611; x_wconf 73' lang='grc' dir='ltr'>ὄφις</span> <span class='ocrx_word' id='word_1_20' title='bbox 435 547 501 614; x_wconf 80' lang='grc' dir='ltr'><strong>τῇ</strong></span> <span class='ocrx_word' id='word_1_21' title='bbox 538 547 898 617; x_wconf 73' lang='grc' dir='ltr'><strong>συμϐουλικῇ,</strong></span> <span class='ocrx_word' id='word_1_22' title='bbox 931 551 1025 602; x_wconf 82' lang='grc' dir='ltr'><strong>καὶ</strong></span> <span class='ocrx_word' id='word_1_23' title='bbox 1061 550 1514 621; x_wconf 77' lang='grc' dir='ltr'><strong>καταισχύνομαι.</strong></span> 
     </span>
    </p>
   </div>
   <div class='ocr_carea' id='block_1_7' title="bbox 184 634 1673 710">
    <p class='ocr_par' dir='ltr' id='par_1_7' title="bbox 184 634 1673 710">
     <span class='ocr_line' id='line_1_7' title="bbox 184 634 1673 710; baseline 0.005 -23"><span class='ocrx_word' id='word_1_24' title='bbox 184 634 527 702; x_wconf 73' lang='grc' dir='ltr'><strong>ΙΙροσέϐλεψα</strong></span> <span class='ocrx_word' id='word_1_25' title='bbox 571 634 664 686; x_wconf 79' lang='grc' dir='ltr'><strong>τοῦ</strong></span> <span class='ocrx_word' id='word_1_26' title='bbox 701 636 868 703; x_wconf 79' lang='grc' dir='ltr'>φυτοῦ</span> <span class='ocrx_word' id='word_1_27' title='bbox 896 637 960 689; x_wconf 81' lang='grc' dir='ltr'><strong>τὸ</strong></span> <span class='ocrx_word' id='word_1_28' title='bbox 998 638 1217 707; x_wconf 82' lang='grc' dir='ltr'><strong>ὡραῖον,</strong></span> <span class='ocrx_word' id='word_1_29' title='bbox 1259 641 1350 693; x_wconf 81' lang='grc' dir='ltr'><strong>καὶ</strong></span> <span class='ocrx_word' id='word_1_30' title='bbox 1390 642 1673 710; x_wconf 72' lang='grc' dir='ltr'><strong>ἠπατήθην</strong></span> 
     </span>
    </p>
   </div>
   <div class='ocr_carea' id='block_1_8' title="bbox 108 722 1674 803">
    <p class='ocr_par' dir='ltr' id='par_1_8' title="bbox 108 722 1674 803">
     <span class='ocr_line' id='line_1_8' title="bbox 108 722 1674 803; baseline 0.008 -30"><span class='ocrx_word' id='word_1_31' title='bbox 108 724 199 773; x_wconf 67' lang='grc' dir='ltr'><strong>τὸν</strong></span> <span class='ocrx_word' id='word_1_32' title='bbox 228 722 381 787; x_wconf 87' lang='grc' dir='ltr'><strong>νοῦν,</strong></span> <span class='ocrx_word' id='word_1_33' title='bbox 417 726 510 776; x_wconf 80' lang='grc' dir='ltr'><strong>καὶ</strong></span> <span class='ocrx_word' id='word_1_34' title='bbox 539 724 687 777; x_wconf 77' lang='grc' dir='ltr'><strong>ἔνθεν</strong></span> <span class='ocrx_word' id='word_1_35' title='bbox 718 729 904 796; x_wconf 78' lang='grc' dir='ltr'><strong>κεῖμαι</strong></span> <span class='ocrx_word' id='word_1_36' title='bbox 945 731 1151 798; x_wconf 81' lang='grc' dir='ltr'><strong>γυμνὸς</strong></span> <span class='ocrx_word' id='word_1_37' title='bbox 1190 734 1280 786; x_wconf 76' lang='grc' dir='ltr'><strong>καὶ</strong></span> <span class='ocrx_word' id='word_1_38' title='bbox 1321 736 1674 803; x_wconf 77' lang='grc' dir='ltr'><strong>καταισχύνο-</strong></span> 
     </span>
    </p>
   </div>
   <div class='ocr_carea' id='block_1_9' title="bbox 111 830 716 883">
    <p class='ocr_par' dir='ltr' id='par_1_9' title="bbox 111 830 716 883">
     <span class='ocr_line' id='line_1_9' title="bbox 111 830 716 883; baseline 0.002 -19"><span class='ocrx_word' id='word_1_39' title='bbox 111 830 228 881; x_wconf 85' lang='grc' dir='ltr'><strong>μαι.</strong></span> <span class='ocrx_word' id='word_1_40' title='bbox 713 879 716 883; x_wconf 88' lang='lat'><strong>_</strong></span> 
     </span>
    </p>
   </div>
   <div class='ocr_carea' id='block_1_10' title="bbox 190 904 1672 986">
    <p class='ocr_par' dir='ltr' id='par_1_10' title="bbox 190 904 1672 986">
     <span class='ocr_line' id='line_1_10' title="bbox 190 904 1672 986; baseline 0.009 -31"><span class='ocrx_word' id='word_1_41' title='bbox 190 904 524 958; x_wconf 70' lang='grc' dir='ltr'><strong>Ἑτόκταινον</strong></span> <span class='ocrx_word' id='word_1_42' title='bbox 547 907 637 958; x_wconf 80' lang='grc' dir='ltr'><strong>ἐπὶ</strong></span> <span class='ocrx_word' id='word_1_43' title='bbox 661 904 751 959; x_wconf 78' lang='grc' dir='ltr'><strong>τὸν</strong></span> <span class='ocrx_word' id='word_1_44' title='bbox 779 906 946 962; x_wconf 82' lang='grc' dir='ltr'><strong>νῶτόν</strong></span> <span class='ocrx_word' id='word_1_45' title='bbox 975 927 1098 979; x_wconf 85' lang='grc' dir='ltr'><strong>μου.</strong></span> <span class='ocrx_word' id='word_1_46' title='bbox 1145 914 1343 978; x_wconf 80' lang='grc' dir='ltr'><strong>πάντες</strong></span> <span class='ocrx_word' id='word_1_47' title='bbox 1362 917 1412 968; x_wconf 72' lang='grc' dir='ltr'>οἱ</span> <span class='ocrx_word' id='word_1_48' title='bbox 1445 917 1672 986; x_wconf 72' lang='grc' dir='ltr'><strong>ἀρχηγοὶ</strong></span> 
     </span>
    </p>
   </div>
   <div class='ocr_carea' id='block_1_11' title="bbox 105 998 1672 1082">
    <p class='ocr_par' dir='ltr' id='par_1_11' title="bbox 105 998 1672 1082">
     <span class='ocr_line' id='line_1_11' title="bbox 105 998 1672 1082; baseline 0.01 -32"><span class='ocrx_word' id='word_1_49' title='bbox 105 998 214 1050; x_wconf 81' lang='grc' dir='ltr'><strong>τῶν</strong></span> <span class='ocrx_word' id='word_1_50' title='bbox 246 1000 454 1065; x_wconf 85' lang='grc' dir='ltr'><strong>παθῶν,</strong></span> <span class='ocrx_word' id='word_1_51' title='bbox 520 1001 890 1071; x_wconf 81' lang='grc' dir='ltr'><strong>μακρύνοντες</strong></span> <span class='ocrx_word' id='word_1_52' title='bbox 943 1008 1064 1058; x_wconf 78' lang='grc' dir='ltr'><strong>κατ’</strong></span> <span class='ocrx_word' id='word_1_53' title='bbox 1119 1008 1251 1077; x_wconf 69' lang='grc' dir='ltr'><strong>ἐμοῦ</strong></span> <span class='ocrx_word' id='word_1_54' title='bbox 1298 1012 1397 1081; x_wconf 75' lang='grc' dir='ltr'><strong>τὴν</strong></span> <span class='ocrx_word' id='word_1_55' title='bbox 1445 1013 1672 1082; x_wconf 78' lang='grc' dir='ltr'><strong>ἀνομίαν</strong></span> 
     </span>
    </p>
   </div>
   <div class='ocr_carea' id='block_1_12' title="bbox 106 1089 307 1143">
    <p class='ocr_par' dir='ltr' id='par_1_12' title="bbox 106 1089 307 1143">
     <span class='ocr_line' id='line_1_12' title="bbox 106 1089 307 1143; baseline 0.01 -3"><span class='ocrx_word' id='word_1_56' title='bbox 106 1089 307 1143; x_wconf 71' lang='grc' dir='ltr'><strong>αὐτῶν.</strong></span> 
     </span>
    </p>
   </div>
   <div class='ocr_carea' id='block_1_13' title="bbox 189 1179 1672 1261">
    <p class='ocr_par' dir='ltr' id='par_1_13' title="bbox 189 1179 1672 1261">
     <span class='ocr_line' id='line_1_13' title="bbox 189 1179 1672 1261; baseline 0.01 -31"><span class='ocrx_word' id='word_1_57' title='bbox 189 1179 471 1231; x_wconf 82' lang='grc' dir='ltr'><strong>Ἀπώλεσα</strong></span> <span class='ocrx_word' id='word_1_58' title='bbox 491 1179 551 1231; x_wconf 79' lang='grc' dir='ltr'><strong>τὸ</strong></span> <span class='ocrx_word' id='word_1_59' title='bbox 579 1183 982 1249; x_wconf 86' lang='grc' dir='ltr'><strong>πρωτόκτιστον</strong></span> <span class='ocrx_word' id='word_1_60' title='bbox 1002 1187 1214 1250; x_wconf 77' lang='grc' dir='ltr'><strong>κάλλος,</strong></span> <span class='ocrx_word' id='word_1_61' title='bbox 1239 1190 1332 1241; x_wconf 77' lang='grc' dir='ltr'><strong>καὶ</strong></span> <span class='ocrx_word' id='word_1_62' title='bbox 1353 1189 1452 1261; x_wconf 78' lang='grc' dir='ltr'><strong>τὴν</strong></span> <span class='ocrx_word' id='word_1_63' title='bbox 1477 1191 1672 1261; x_wconf 78' lang='grc' dir='ltr'><strong>εὐπρέ-</strong></span> 
     </span>
    </p>
   </div>
   <div class='ocr_carea' id='block_1_14' title="bbox 105 1272 1672 1352">
    <p class='ocr_par' dir='ltr' id='par_1_14' title="bbox 105 1272 1672 1352">
     <span class='ocr_line' id='line_1_14' title="bbox 105 1272 1672 1352; baseline 0.008 -28"><span class='ocrx_word' id='word_1_64' title='bbox 105 1272 266 1324; x_wconf 79' lang='grc' dir='ltr'><strong>πειάν</strong></span> <span class='ocrx_word' id='word_1_65' title='bbox 299 1289 398 1340; x_wconf 87' lang='grc' dir='ltr'><strong>μου</strong></span> <span class='ocrx_word' id='word_1_66' title='bbox 418 1288 431 1301; x_wconf 83' lang='lat'><strong><em>°</em></strong></span> <span class='ocrx_word' id='word_1_67' title='bbox 464 1272 558 1324; x_wconf 74' lang='grc' dir='ltr'><strong>καὶ</strong></span> <span class='ocrx_word' id='word_1_68' title='bbox 590 1273 714 1343; x_wconf 83' lang='grc' dir='ltr'><strong>ἀρτι</strong></span> <span class='ocrx_word' id='word_1_69' title='bbox 744 1277 929 1343; x_wconf 77' lang='grc' dir='ltr'><strong>κεῖμαι</strong></span> <span class='ocrx_word' id='word_1_70' title='bbox 955 1280 1159 1347; x_wconf 65' lang='grc' dir='ltr'><strong>γυμνὸς</strong></span> <span class='ocrx_word' id='word_1_71' title='bbox 1195 1281 1287 1334; x_wconf 74' lang='grc' dir='ltr'><strong>καὶ</strong></span> <span class='ocrx_word' id='word_1_72' title='bbox 1317 1283 1672 1352; x_wconf 55' lang='grc' dir='ltr'><strong>καταισχύνοι</strong></span> 
     </span>
    </p>
   </div>
   <div class='ocr_carea' id='block_1_15' title="bbox 107 1380 225 1432">
    <p class='ocr_par' dir='ltr' id='par_1_15' title="bbox 107 1380 225 1432">
     <span class='ocr_line' id='line_1_15' title="bbox 107 1380 225 1432; baseline 0.017 -17"><span class='ocrx_word' id='word_1_73' title='bbox 107 1380 225 1432; x_wconf 91' lang='grc' dir='ltr'><strong>μαι.</strong></span> 
     </span>
    </p>
   </div>
   <div class='ocr_carea' id='block_1_16' title="bbox 178 1458 1673 1537">
    <p class='ocr_par' dir='ltr' id='par_1_16' title="bbox 178 1458 1673 1537">
     <span class='ocr_line' id='line_1_16' title="bbox 178 1458 1673 1537; baseline 0.009 -31"><span class='ocrx_word' id='word_1_74' title='bbox 178 1458 501 1529; x_wconf 71' lang='grc' dir='ltr'><strong>Κατέῤῥαψε</strong></span> <span class='ocrx_word' id='word_1_75' title='bbox 534 1466 656 1526; x_wconf 76' lang='grc' dir='ltr'><strong>τοὺς</strong></span> <span class='ocrx_word' id='word_1_76' title='bbox 686 1464 1041 1532; x_wconf 72' lang='grc' dir='ltr'><strong>δερματινους</strong></span> <span class='ocrx_word' id='word_1_77' title='bbox 1087 1464 1317 1532; x_wconf 80' lang='grc' dir='ltr'><strong>χιτῶνας</strong></span> <span class='ocrx_word' id='word_1_78' title='bbox 1368 1467 1399 1535; x_wconf 85' lang='grc' dir='ltr'><strong>ἡ</strong></span> <span class='ocrx_word' id='word_1_79' title='bbox 1429 1467 1673 1537; x_wconf 76' lang='grc' dir='ltr'><strong>ἁμαρτία</strong></span> 
     </span>
    </p>
   </div>
   <div class='ocr_carea' id='block_1_17' title="bbox 105 1549 1667 1624">
    <p class='ocr_par' dir='ltr' id='par_1_17' title="bbox 105 1549 1667 1624">
     <span class='ocr_line' id='line_1_17' title="bbox 105 1549 1667 1624; baseline 0.006 -24"><span class='ocrx_word' id='word_1_80' title='bbox 105 1549 289 1613; x_wconf 74' lang='grc' dir='ltr'><strong>κάμοὶ.</strong></span> <span class='ocrx_word' id='word_1_81' title='bbox 328 1551 660 1619; x_wconf 80' lang='grc' dir='ltr'><strong>γυμνώσασά</strong></span> <span class='ocrx_word' id='word_1_82' title='bbox 692 1571 758 1622; x_wconf 86' lang='grc' dir='ltr'><strong>με</strong></span> <span class='ocrx_word' id='word_1_83' title='bbox 787 1555 901 1623; x_wconf 69' lang='grc' dir='ltr'><strong>ἐτῆς</strong></span> <span class='ocrx_word' id='word_1_84' title='bbox 935 1556 1060 1624; x_wconf 71' lang='grc' dir='ltr'><strong>πρὶν</strong></span> <span class='ocrx_word' id='word_1_85' title='bbox 1092 1555 1419 1623; x_wconf 76' lang='grc' dir='ltr'><strong>οεοῡφάντου</strong></span> <span class='ocrx_word' id='word_1_86' title='bbox 1459 1557 1667 1622; x_wconf 80' lang='grc' dir='ltr'><strong>στολῆς.</strong></span> 
     </span>
    </p>
   </div>
   <div class='ocr_carea' id='block_1_18' title="bbox 179 1641 1670 1718">
    <p class='ocr_par' dir='ltr' id='par_1_18' title="bbox 179 1641 1670 1718">
     <span class='ocr_line' id='line_1_18' title="bbox 179 1641 1670 1718; baseline 0.006 -26"><span class='ocrx_word' id='word_1_87' title='bbox 179 1641 498 1710; x_wconf 79' lang='grc' dir='ltr'><strong>Περίκειμαι</strong></span> <span class='ocrx_word' id='word_1_88' title='bbox 525 1644 616 1697; x_wconf 77' lang='grc' dir='ltr'><strong>τὸν</strong></span> <span class='ocrx_word' id='word_1_89' title='bbox 655 1646 940 1713; x_wconf 71' lang='grc' dir='ltr'><strong>στολισμὸν</strong></span> <span class='ocrx_word' id='word_1_90' title='bbox 970 1649 1068 1711; x_wconf 77' lang='grc' dir='ltr'><strong>τῆς</strong></span> <span class='ocrx_word' id='word_1_91' title='bbox 1107 1647 1388 1718; x_wconf 71' lang='grc' dir='ltr'><strong>αἰσχύνης,</strong></span> <span class='ocrx_word' id='word_1_92' title='bbox 1422 1649 1670 1718; x_wconf 77' lang='grc' dir='ltr'><strong>καθάπερ</strong></span> 
     </span>
    </p>
   </div>
   <div class='ocr_carea' id='block_1_19' title="bbox 1777 544 3049 616">
    <p class='ocr_par' dir='ltr' id='par_1_19' title="bbox 1777 544 3049 616">
     <span class='ocr_line' id='line_1_19' title="bbox 1777 544 3049 616; baseline -0.004 -15"><span class='ocrx_word' id='word_1_93' title='bbox 1777 549 1953 616; x_wconf 88' lang='lat' dir='ltr'><strong>pentis</strong></span> <span class='ocrx_word' id='word_1_94' title='bbox 1983 549 2272 601; x_wconf 84' lang='lat' dir='ltr'><strong>consilium</strong></span> <span class='ocrx_word' id='word_1_95' title='bbox 2315 547 2558 599; x_wconf 77' lang='lat' dir='ltr'><strong>contexit</strong></span> <span class='ocrx_word' id='word_1_96' title='bbox 2601 547 2648 608; x_wconf 69' lang='grc' dir='ltr'><strong>κ,</strong></span> <span class='ocrx_word' id='word_1_97' title='bbox 2675 555 2727 597; x_wconf 87' lang='lat' dir='ltr'><strong>et</strong></span> <span class='ocrx_word' id='word_1_98' title='bbox 2758 544 3049 597; x_wconf 75' lang='lat' dir='ltr'><strong>erubesc’o.</strong></span> 
     </span>
    </p>
   </div>
   <div class='ocr_carea' id='block_1_20' title="bbox 1843 637 3336 707">
    <p class='ocr_par' dir='ltr' id='par_1_20' title="bbox 1843 637 3336 707">
     <span class='ocr_line' id='line_1_20' title="bbox 1843 637 3336 707; baseline 0.003 -17"><span class='ocrx_word' id='word_1_99' title='bbox 1843 640 2037 707; x_wconf 74' lang='lat' dir='ltr'><strong>Aspexi</strong></span> <span class='ocrx_word' id='word_1_100' title='bbox 2090 638 2157 692; x_wconf 85' lang='lat' dir='ltr'><strong>ad</strong></span> <span class='ocrx_word' id='word_1_101' title='bbox 2207 639 2419 691; x_wconf 82' lang='lat' dir='ltr'><strong>arboris</strong></span> <span class='ocrx_word' id='word_1_102' title='bbox 2479 637 2983 706; x_wconf 74' lang='lat' dir='ltr'><strong>pulchritudinem,</strong></span> <span class='ocrx_word' id='word_1_103' title='bbox 3043 646 3097 691; x_wconf 87' lang='lat' dir='ltr'><strong>et</strong></span> <span class='ocrx_word' id='word_1_104' title='bbox 3156 653 3336 695; x_wconf 80' lang='lat' dir='ltr'><strong>mente</strong></span> 
     </span>
    </p>
   </div>
   <div class='ocr_carea' id='block_1_21' title="bbox 1774 726 3246 796">
    <p class='ocr_par' dir='ltr' id='par_1_21' title="bbox 1774 726 3246 796">
     <span class='ocr_line' id='line_1_21' title="bbox 1774 726 3246 796; baseline 0.003 -19"><span class='ocrx_word' id='word_1_105' title='bbox 1774 727 2034 796; x_wconf 84' lang='lat' dir='ltr'><strong>deceptus</strong></span> <span class='ocrx_word' id='word_1_106' title='bbox 2066 744 2208 792; x_wconf 91' lang='lat' dir='ltr'><strong>sum,</strong></span> <span class='ocrx_word' id='word_1_107' title='bbox 2244 743 2417 796; x_wconf 89' lang='lat' dir='ltr'><strong>eoque</strong></span> <span class='ocrx_word' id='word_1_108' title='bbox 2447 728 2624 781; x_wconf 87' lang='lat' dir='ltr'><strong>nudus</strong></span> <span class='ocrx_word' id='word_1_109' title='bbox 2651 726 2806 796; x_wconf 80' lang='lat' dir='ltr'><strong>jaceo</strong></span> <span class='ocrx_word' id='word_1_110' title='bbox 2835 735 2888 779; x_wconf 89' lang='lat' dir='ltr'><strong>et</strong></span> <span class='ocrx_word' id='word_1_111' title='bbox 2917 726 3246 781; x_wconf 79' lang='lat' dir='ltr'><strong>confundor.</strong></span> 
     </span>
    </p>
   </div>
   <div class='ocr_carea' id='block_1_22' title="bbox 1845 918 3338 989">
    <p class='ocr_par' dir='ltr' id='par_1_22' title="bbox 1845 918 3338 989">
     <span class='ocr_line' id='line_1_22' title="bbox 1845 918 3338 989; baseline 0.001 -18"><span class='ocrx_word' id='word_1_112' title='bbox 1845 918 2276 974; x_wconf 77' lang='lat' dir='ltr'><strong>Fabricavcruut</strong></span> <span class='ocrx_word' id='word_1_113' title='bbox 2327 935 2492 989; x_wconf 88' lang='lat' dir='ltr'><strong>supra</strong></span> <span class='ocrx_word' id='word_1_114' title='bbox 2551 927 2774 974; x_wconf 83' lang='lat' dir='ltr'><strong>dorsum</strong></span> <span class='ocrx_word' id='word_1_115' title='bbox 2838 935 3015 973; x_wconf 88' lang='lat' dir='ltr'><strong>meum</strong></span> <span class='ocrx_word' id='word_1_116' title='bbox 3065 920 3338 988; x_wconf 84' lang='lat' dir='ltr'><strong>principes</strong></span> 
     </span>
    </p>
   </div>
   <div class='ocr_carea' id='block_1_23' title="bbox 1772 1012 3340 1080">
    <p class='ocr_par' dir='ltr' id='par_1_23' title="bbox 1772 1012 3340 1080">
     <span class='ocr_line' id='line_1_23' title="bbox 1772 1012 3340 1080; baseline 0.001 -17"><span class='ocrx_word' id='word_1_117' title='bbox 1772 1027 1962 1064; x_wconf 84' lang='lat' dir='ltr'><strong>omnes</strong></span> <span class='ocrx_word' id='word_1_118' title='bbox 1984 1012 2455 1078; x_wconf 87' lang='lat' dir='ltr'><strong>perturbationum</strong></span> <span class='ocrx_word' id='word_1_119' title='bbox 2499 1012 2904 1079; x_wconf 84' lang='lat' dir='ltr'><strong>vitiorumque;</strong></span> <span class='ocrx_word' id='word_1_120' title='bbox 2985 1012 3340 1080; x_wconf 78' lang='lat' dir='ltr'><strong>prolongavc-</strong></span> 
     </span>
    </p>
   </div>
   <div class='ocr_carea' id='block_1_24' title="bbox 1775 1093 2972 1166">
    <p class='ocr_par' dir='ltr' id='par_1_24' title="bbox 1775 1093 2972 1166">
     <span class='ocr_line' id='line_1_24' title="bbox 1775 1093 2972 1166; baseline -0.003 -14"><span class='ocrx_word' id='word_1_121' title='bbox 1775 1110 1900 1152; x_wconf 89' lang='lat' dir='ltr'><strong>runt</strong></span> <span class='ocrx_word' id='word_1_122' title='bbox 1932 1101 2220 1154; x_wconf 89' lang='lat' dir='ltr'><strong>adversum</strong></span> <span class='ocrx_word' id='word_1_123' title='bbox 2257 1115 2341 1153; x_wconf 89' lang='lat' dir='ltr'><strong>me</strong></span> <span class='ocrx_word' id='word_1_124' title='bbox 2367 1101 2708 1166; x_wconf 77' lang='lat' dir='ltr'><strong>iniquitatem</strong></span> <span class='ocrx_word' id='word_1_125' title='bbox 2741 1114 2898 1152; x_wconf 89' lang='lat' dir='ltr'><strong>suam</strong></span> <span class='ocrx_word' id='word_1_126' title='bbox 2931 1093 2972 1149; x_wconf 77' lang='grc' dir='ltr'><strong>ι.</strong></span> 
     </span>
    </p>
   </div>
   <div class='ocr_carea' id='block_1_25' title="bbox 1843 1191 3334 1259">
    <p class='ocr_par' dir='ltr' id='par_1_25' title="bbox 1843 1191 3334 1259">
     <span class='ocr_line' id='line_1_25' title="bbox 1843 1191 3334 1259; baseline 0 -17"><span class='ocrx_word' id='word_1_127' title='bbox 1843 1191 2014 1244; x_wconf 83' lang='lat' dir='ltr'><strong>Amisi</strong></span> <span class='ocrx_word' id='word_1_128' title='bbox 2057 1191 2308 1244; x_wconf 79' lang='lat' dir='ltr'><strong>chorein</strong></span> <span class='ocrx_word' id='word_1_129' title='bbox 2347 1191 2524 1258; x_wconf 90' lang='lat' dir='ltr'><strong>primo</strong></span> <span class='ocrx_word' id='word_1_130' title='bbox 2581 1191 2832 1253; x_wconf 85' lang='lat' dir='ltr'><strong>inditum,</strong></span> <span class='ocrx_word' id='word_1_131' title='bbox 2876 1205 3156 1259; x_wconf 87' lang='lat' dir='ltr'><strong>meamque</strong></span> <span class='ocrx_word' id='word_1_132' title='bbox 3190 1191 3334 1242; x_wconf 85' lang='lat' dir='ltr'><strong>illam</strong></span> 
     </span>
    </p>
   </div>
   <div class='ocr_carea' id='block_1_26' title="bbox 1775 1279 3232 1351">
    <p class='ocr_par' dir='ltr' id='par_1_26' title="bbox 1775 1279 3232 1351">
     <span class='ocr_line' id='line_1_26' title="bbox 1775 1279 3232 1351; baseline 0 -18"><span class='ocrx_word' id='word_1_133' title='bbox 1775 1279 2042 1346; x_wconf 78' lang='lat' dir='ltr'><strong>formam;</strong></span> <span class='ocrx_word' id='word_1_134' title='bbox 2067 1283 2289 1351; x_wconf 82' lang='lat' dir='ltr'><strong>jamque</strong></span> <span class='ocrx_word' id='word_1_135' title='bbox 2321 1282 2531 1350; x_wconf 88' lang='lat' dir='ltr'><strong>pudore</strong></span> <span class='ocrx_word' id='word_1_136' title='bbox 2559 1282 2821 1344; x_wconf 82' lang='lat' dir='ltr'><strong>sull‘usus,</strong></span> <span class='ocrx_word' id='word_1_137' title='bbox 2855 1282 3232 1350; x_wconf 87' lang='lat' dir='ltr'><strong>nudusjaceo.</strong></span> 
     </span>
    </p>
   </div>
   <div class='ocr_carea' id='block_1_27' title="bbox 1841 1462 3335 1530">
    <p class='ocr_par' dir='ltr' id='par_1_27' title="bbox 1841 1462 3335 1530">
     <span class='ocr_line' id='line_1_27' title="bbox 1841 1462 3335 1530; baseline -0.001 -16"><span class='ocrx_word' id='word_1_138' title='bbox 1841 1462 2070 1516; x_wconf 83' lang='lat' dir='ltr'><strong>Consuit</strong></span> <span class='ocrx_word' id='word_1_139' title='bbox 2124 1471 2178 1515; x_wconf 88' lang='lat' dir='ltr'><strong>et</strong></span> <span class='ocrx_word' id='word_1_140' title='bbox 2239 1462 2368 1515; x_wconf 88' lang='lat' dir='ltr'><strong>mihi</strong></span> <span class='ocrx_word' id='word_1_141' title='bbox 2429 1470 2714 1530; x_wconf 90' lang='lat' dir='ltr'><strong>peccatum</strong></span> <span class='ocrx_word' id='word_1_142' title='bbox 2768 1462 3026 1530; x_wconf 89' lang='lat' dir='ltr'><strong>pelliceas</strong></span> <span class='ocrx_word' id='word_1_143' title='bbox 3079 1462 3335 1520; x_wconf 85' lang='lat' dir='ltr'><strong>tunicas.</strong></span> 
     </span>
    </p>
   </div>
   <div class='ocr_carea' id='block_1_28' title="bbox 1775 1553 2903 1624">
    <p class='ocr_par' dir='ltr' id='par_1_28' title="bbox 1775 1553 2903 1624">
     <span class='ocr_line' id='line_1_28' title="bbox 1775 1553 2903 1624; baseline -0.001 -20"><span class='ocrx_word' id='word_1_144' title='bbox 1775 1555 1942 1624; x_wconf 82' lang='lat' dir='ltr'><strong>priori</strong></span> <span class='ocrx_word' id='word_1_145' title='bbox 1976 1569 2005 1606; x_wconf 94' lang='lat' dir='ltr'><strong>a</strong></span> <span class='ocrx_word' id='word_1_146' title='bbox 2040 1553 2149 1607; x_wconf 89' lang='lat' dir='ltr'><strong>Deo</strong></span> <span class='ocrx_word' id='word_1_147' title='bbox 2169 1561 2422 1606; x_wconf 78' lang='lat' dir='ltr'><strong>contexta</strong></span> <span class='ocrx_word' id='word_1_148' title='bbox 2454 1556 2636 1606; x_wconf 86' lang='lat' dir='ltr'><strong>tunica</strong></span> <span class='ocrx_word' id='word_1_149' title='bbox 2670 1554 2903 1608; x_wconf 88' lang='lat' dir='ltr'><strong>nudans.</strong></span> 
     </span>
    </p>
   </div>
   <div class='ocr_carea' id='block_1_29' title="bbox 1845 1642 3337 1714">
    <p class='ocr_par' dir='ltr' id='par_1_29' title="bbox 1845 1642 3337 1714">
     <span class='ocr_line' id='line_1_29' title="bbox 1845 1642 3337 1714; baseline -0.001 -17"><span class='ocrx_word' id='word_1_150' title='bbox 1845 1645 2069 1700; x_wconf 84' lang='lat' dir='ltr'><strong>lmlutus</strong></span> <span class='ocrx_word' id='word_1_151' title='bbox 2145 1657 2296 1714; x_wconf 74' lang='lat' dir='ltr'><strong>gesto</strong></span> <span class='ocrx_word' id='word_1_152' title='bbox 2345 1643 2601 1698; x_wconf 75' lang='lat' dir='ltr'><strong>infamem</strong></span> <span class='ocrx_word' id='word_1_153' title='bbox 2659 1647 2918 1696; x_wconf 85' lang='lat' dir='ltr'><strong>amictum</strong></span> <span class='ocrx_word' id='word_1_154' title='bbox 2991 1645 3136 1696; x_wconf 88' lang='lat' dir='ltr'><strong>velut</strong></span> <span class='ocrx_word' id='word_1_155' title='bbox 3209 1642 3337 1697; x_wconf 76' lang='lat' dir='ltr'><strong>folia</strong></span> 
     </span>
    </p>
   </div>
   <div class='ocr_carea' id='block_1_30' title="bbox 103 1731 1678 1834">
    <p class='ocr_par' dir='ltr' id='par_1_30' title="bbox 103 1731 1670 1807">
     <span class='ocr_line' id='line_1_30' title="bbox 103 1731 1670 1807; baseline 0.009 -28"><span class='ocrx_word' id='word_1_156' title='bbox 103 1731 279 1795; x_wconf 76' lang='grc' dir='ltr'>φύλ)α</span> <span class='ocrx_word' id='word_1_157' title='bbox 330 1733 522 1802; x_wconf 72' lang='grc' dir='ltr'><strong>συκῆς,</strong></span> <span class='ocrx_word' id='word_1_158' title='bbox 573 1738 650 1798; x_wconf 70' lang='grc' dir='ltr'><strong>εἰς</strong></span> <span class='ocrx_word' id='word_1_159' title='bbox 700 1737 920 1806; x_wconf 78' lang='grc' dir='ltr'><strong>ἔλεγχον</strong></span> <span class='ocrx_word' id='word_1_160' title='bbox 965 1737 1072 1790; x_wconf 80' lang='grc' dir='ltr'><strong>τῶν</strong></span> <span class='ocrx_word' id='word_1_161' title='bbox 1109 1739 1259 1807; x_wconf 84' lang='grc' dir='ltr'><strong>ὲμῶν</strong></span> <span class='ocrx_word' id='word_1_162' title='bbox 1308 1739 1670 1803; x_wconf 77' lang='grc' dir='ltr'><strong>αὐτεξουσίων</strong></span> 
     </span>
    </p>
   </div>
   <div class='ocr_carea' id='block_1_31' title="bbox 1781 1731 3335 1834">
    <p class='ocr_par' dir='ltr' id='par_1_31' title="bbox 1781 1733 3335 1804">
     <span class='ocr_line' id='line_1_31' title="bbox 1781 1733 3335 1804; baseline -0.002 -16"><span class='ocrx_word' id='word_1_163' title='bbox 1781 1739 1940 1801; x_wconf 80' lang='lat' dir='ltr'><strong>lii-us;</strong></span> <span class='ocrx_word' id='word_1_164' title='bbox 1967 1735 2056 1804; x_wconf 87' lang='lat' dir='ltr'><strong>qui</strong></span> <span class='ocrx_word' id='word_1_165' title='bbox 2086 1736 2250 1789; x_wconf 76' lang='lat' dir='ltr'><strong>libera</strong></span> <span class='ocrx_word' id='word_1_166' title='bbox 2281 1737 2557 1790; x_wconf 77' lang='lat' dir='ltr'><strong>voluntate</strong></span> <span class='ocrx_word' id='word_1_167' title='bbox 2585 1744 2896 1788; x_wconf 82' lang='lat' dir='ltr'><strong>contractas</strong></span> <span class='ocrx_word' id='word_1_168' title='bbox 2932 1733 3254 1788; x_wconf 75' lang='lat' dir='ltr'><strong>allectioncs</strong></span> <span class='ocrx_word' id='word_1_169' title='bbox 3281 1744 3335 1786; x_wconf 88' lang='lat' dir='ltr'><strong>et</strong></span> 
     </span>
    </p>
   </div>
   <div class='ocr_carea' id='block_1_32' title="bbox 99 1824 309 1876">
    <p class='ocr_par' dir='ltr' id='par_1_32' title="bbox 99 1824 309 1876">
     <span class='ocr_line' id='line_1_32' title="bbox 99 1824 309 1876; baseline 0.01 -2"><span class='ocrx_word' id='word_1_170' title='bbox 99 1824 309 1876; x_wconf 76' lang='grc' dir='ltr'><strong>παθῶν.</strong></span> 
     </span>
    </p>
   </div>
   <div class='ocr_carea' id='block_1_33' title="bbox 184 1920 1673 2000">
    <p class='ocr_par' dir='ltr' id='par_1_33' title="bbox 184 1920 1673 2000">
     <span class='ocr_line' id='line_1_33' title="bbox 184 1920 1673 2000; baseline 0.006 -28"><span class='ocrx_word' id='word_1_171' title='bbox 184 1920 532 1993; x_wconf 78' lang='grc' dir='ltr'><strong>Ἐστόλισμαι</strong></span> <span class='ocrx_word' id='word_1_172' title='bbox 557 1925 979 1995; x_wconf 83' lang='grc' dir='ltr'><strong>κατεστιγμένον</strong></span> <span class='ocrx_word' id='word_1_173' title='bbox 1008 1927 1210 1997; x_wconf 81' lang='grc' dir='ltr'><strong>χιτῶνα</strong></span> <span class='ocrx_word' id='word_1_174' title='bbox 1236 1931 1330 1982; x_wconf 73' lang='grc' dir='ltr'><strong>καὶ</strong></span> <span class='ocrx_word' id='word_1_175' title='bbox 1355 1930 1673 2000; x_wconf 75' lang='grc' dir='ltr'><strong>ᾑμαγμένον</strong></span> 
     </span>
    </p>
   </div>
   <div class='ocr_carea' id='block_1_34' title="bbox 104 2012 1671 2092">
    <p class='ocr_par' dir='ltr' id='par_1_34' title="bbox 104 2012 1671 2092">
     <span class='ocr_line' id='line_1_34' title="bbox 104 2012 1671 2092; baseline 0.008 -30"><span class='ocrx_word' id='word_1_176' title='bbox 104 2012 378 2080; x_wconf 79' lang='grc' dir='ltr'><strong>αἰσχρῶς,</strong></span> <span class='ocrx_word' id='word_1_177' title='bbox 440 2018 504 2085; x_wconf 79' lang='grc' dir='ltr'><strong>τῇ</strong></span> <span class='ocrx_word' id='word_1_178' title='bbox 567 2017 721 2085; x_wconf 75' lang='grc' dir='ltr'><strong>ῥύσει</strong></span> <span class='ocrx_word' id='word_1_179' title='bbox 770 2020 866 2088; x_wconf 60' lang='grc' dir='ltr'><strong>τῆς</strong></span> <span class='ocrx_word' id='word_1_180' title='bbox 909 2021 1190 2088; x_wconf 82' lang='grc' dir='ltr'><strong>ὲμπαϐοὗς</strong></span> <span class='ocrx_word' id='word_1_181' title='bbox 1241 2023 1334 2075; x_wconf 76' lang='grc' dir='ltr'><strong>καὶ</strong></span> <span class='ocrx_word' id='word_1_182' title='bbox 1389 2021 1671 2092; x_wconf 76' lang='grc' dir='ltr'><strong>φιληδόνου</strong></span> 
     </span>
    </p>
   </div>
   <div class='ocr_carea' id='block_1_35' title="bbox 95 2101 266 2171">
    <p class='ocr_par' dir='ltr' id='par_1_35' title="bbox 95 2101 266 2171">
     <span class='ocr_line' id='line_1_35' title="bbox 95 2101 266 2171; baseline 0.023 -17"><span class='ocrx_word' id='word_1_183' title='bbox 95 2101 266 2171; x_wconf 77' lang='grc' dir='ltr'><strong>ζωῆς.</strong></span> 
     </span>
    </p>
   </div>
   <div class='ocr_carea' id='block_1_36' title="bbox 186 2195 1673 2275">
    <p class='ocr_par' dir='ltr' id='par_1_36' title="bbox 186 2195 1673 2275">
     <span class='ocr_line' id='line_1_36' title="bbox 186 2195 1673 2275; baseline 0.013 -29"><span class='ocrx_word' id='word_1_184' title='bbox 186 2195 494 2250; x_wconf 83' lang='grc' dir='ltr'><strong>Ἐσπίλωσα</strong></span> <span class='ocrx_word' id='word_1_185' title='bbox 524 2198 614 2249; x_wconf 77' lang='grc' dir='ltr'><strong>τὸν</strong></span> <span class='ocrx_word' id='word_1_186' title='bbox 643 2198 742 2268; x_wconf 87' lang='grc' dir='ltr'><strong>τῆς</strong></span> <span class='ocrx_word' id='word_1_187' title='bbox 776 2202 977 2270; x_wconf 84' lang='grc' dir='ltr'><strong>σαρκός</strong></span> <span class='ocrx_word' id='word_1_188' title='bbox 1020 2221 1118 2272; x_wconf 80' lang='grc' dir='ltr'><strong>μου</strong></span> <span class='ocrx_word' id='word_1_189' title='bbox 1150 2207 1374 2275; x_wconf 83' lang='grc' dir='ltr'><strong>χιτῶνα,</strong></span> <span class='ocrx_word' id='word_1_190' title='bbox 1414 2212 1507 2263; x_wconf 71' lang='grc' dir='ltr'><strong>καὶ</strong></span> <span class='ocrx_word' id='word_1_191' title='bbox 1542 2229 1673 2264; x_wconf 86' lang='grc' dir='ltr'><strong>κατ-</strong></span> 
     </span>
    </p>
   </div>
   <div class='ocr_carea' id='block_1_37' title="bbox 93 2285 1672 2371">
    <p class='ocr_par' dir='ltr' id='par_1_37' title="bbox 93 2285 1672 2371">
     <span class='ocr_line' id='line_1_37' title="bbox 93 2285 1672 2371; baseline 0.012 -35"><span class='ocrx_word' id='word_1_192' title='bbox 93 2285 395 2355; x_wconf 78' lang='grc' dir='ltr'><strong>ερῤύπωσα</strong></span> <span class='ocrx_word' id='word_1_193' title='bbox 433 2289 494 2341; x_wconf 81' lang='grc' dir='ltr'><strong>τὸ</strong></span> <span class='ocrx_word' id='word_1_194' title='bbox 535 2290 657 2342; x_wconf 83' lang='grc' dir='ltr'><strong>κατ’</strong></span> <span class='ocrx_word' id='word_1_195' title='bbox 691 2292 907 2359; x_wconf 75' lang='grc' dir='ltr'><strong>εἰκόνα,</strong></span> <span class='ocrx_word' id='word_1_196' title='bbox 956 2295 1159 2367; x_wconf 86' lang='grc' dir='ltr'><strong>Σῶτερ,</strong></span> <span class='ocrx_word' id='word_1_197' title='bbox 1201 2298 1297 2351; x_wconf 77' lang='grc' dir='ltr'><strong>καὶ</strong></span> <span class='ocrx_word' id='word_1_198' title='bbox 1334 2299 1455 2353; x_wconf 80' lang='grc' dir='ltr'><strong>καθ’</strong></span> <span class='ocrx_word' id='word_1_199' title='bbox 1476 2303 1672 2371; x_wconf 77' lang='grc' dir='ltr'><strong>ὁμοίω-</strong></span> 
     </span>
    </p>
   </div>
   <div class='ocr_carea' id='block_1_38' title="bbox 94 2393 206 2431">
    <p class='ocr_par' dir='ltr' id='par_1_38' title="bbox 94 2393 206 2431">
     <span class='ocr_line' id='line_1_38' title="bbox 94 2393 206 2431; baseline 0.009 -1"><span class='ocrx_word' id='word_1_200' title='bbox 94 2393 206 2431; x_wconf 86' lang='grc' dir='ltr'><strong>σιν.</strong></span> 
     </span>
    </p>
   </div>
   <div class='ocr_carea' id='block_1_39' title="bbox 182 2470 1672 2556">
    <p class='ocr_par' dir='ltr' id='par_1_39' title="bbox 182 2470 1672 2556">
     <span class='ocr_line' id='line_1_39' title="bbox 182 2470 1672 2556; baseline 0.012 -34"><span class='ocrx_word' id='word_1_201' title='bbox 182 2470 459 2527; x_wconf 81' lang='grc' dir='ltr'><strong>’Υπέπεσα</strong></span> <span class='ocrx_word' id='word_1_202' title='bbox 479 2478 544 2545; x_wconf 82' lang='grc' dir='ltr'><strong>τῇ</strong></span> <span class='ocrx_word' id='word_1_203' title='bbox 574 2475 683 2528; x_wconf 82' lang='grc' dir='ltr'><strong>τῶν</strong></span> <span class='ocrx_word' id='word_1_204' title='bbox 703 2476 891 2530; x_wconf 82' lang='grc' dir='ltr'><strong>παθῶν</strong></span> <span class='ocrx_word' id='word_1_205' title='bbox 917 2481 1172 2551; x_wconf 78' lang='grc' dir='ltr'><strong>ἀλγηδόνι</strong></span> <span class='ocrx_word' id='word_1_206' title='bbox 1198 2482 1242 2546; x_wconf 80' lang='grc'><strong>⁸,</strong></span> <span class='ocrx_word' id='word_1_207' title='bbox 1266 2485 1358 2538; x_wconf 75' lang='grc' dir='ltr'><strong>καὶ</strong></span> <span class='ocrx_word' id='word_1_208' title='bbox 1389 2488 1454 2556; x_wconf 75' lang='grc' dir='ltr'><strong>τῇ</strong></span> <span class='ocrx_word' id='word_1_209' title='bbox 1500 2486 1672 2554; x_wconf 76' lang='grc' dir='ltr'><strong>ὲνύλῳ</strong></span> 
     </span>
    </p>
   </div>
   <div class='ocr_carea' id='block_1_40' title="bbox 91 2561 1470 2644">
    <p class='ocr_par' dir='ltr' id='par_1_40' title="bbox 91 2561 1470 2644">
     <span class='ocr_line' id='line_1_40' title="bbox 91 2561 1470 2644; baseline 0.01 -31"><span class='ocrx_word' id='word_1_210' title='bbox 91 2561 290 2632; x_wconf 72' lang='grc' dir='ltr'><strong>φθορᾷ,</strong></span> <span class='ocrx_word' id='word_1_211' title='bbox 322 2565 416 2616; x_wconf 78' lang='grc' dir='ltr'><strong>καὶ</strong></span> <span class='ocrx_word' id='word_1_212' title='bbox 443 2565 594 2618; x_wconf 76' lang='grc' dir='ltr'><strong>ἔνθεν</strong></span> <span class='ocrx_word' id='word_1_213' title='bbox 624 2566 718 2619; x_wconf 82' lang='grc' dir='ltr'><strong>νῦν</strong></span> <span class='ocrx_word' id='word_1_214' title='bbox 743 2569 769 2618; x_wconf 83' lang='grc' dir='ltr'>ὁ</span> <span class='ocrx_word' id='word_1_215' title='bbox 799 2569 992 2640; x_wconf 70' lang='grc' dir='ltr'><strong>ἐχθρὸς</strong></span> <span class='ocrx_word' id='word_1_216' title='bbox 1023 2573 1344 2638; x_wconf 74' lang='grc' dir='ltr'><strong>καταπιέζει</strong></span> <span class='ocrx_word' id='word_1_217' title='bbox 1383 2593 1470 2644; x_wconf 81' lang='grc' dir='ltr'><strong>με.</strong></span> 
     </span>
    </p>
   </div>
   <div class='ocr_carea' id='block_1_41' title="bbox 166 2652 1670 2733">
    <p class='ocr_par' dir='ltr' id='par_1_41' title="bbox 166 2652 1670 2733">
     <span class='ocr_line' id='line_1_41' title="bbox 166 2652 1670 2733; baseline 0.011 -31"><span class='ocrx_word' id='word_1_218' title='bbox 166 2652 421 2705; x_wconf 69' lang='grc' dir='ltr'><strong>⁴ιδυὶιόῦλον</strong></span> <span class='ocrx_word' id='word_1_219' title='bbox 454 2656 546 2706; x_wconf 81' lang='grc' dir='ltr'><strong>καὶ</strong></span> <span class='ocrx_word' id='word_1_220' title='bbox 568 2655 938 2726; x_wconf 82' lang='grc' dir='ltr'><strong>φιλοκτήμονα</strong></span> <span class='ocrx_word' id='word_1_221' title='bbox 974 2660 1085 2729; x_wconf 79' lang='grc' dir='ltr'><strong>βίον</strong></span> <span class='ocrx_word' id='word_1_222' title='bbox 1110 2662 1208 2729; x_wconf 76' lang='grc' dir='ltr'><strong>τῆς</strong></span> <span class='ocrx_word' id='word_1_223' title='bbox 1242 2665 1527 2733; x_wconf 80' lang='grc' dir='ltr'><strong>ἀκτησίας,</strong></span> <span class='ocrx_word' id='word_1_224' title='bbox 1555 2665 1670 2718; x_wconf 84' lang='grc' dir='ltr'><strong>Σῶ-</strong></span> 
     </span>
    </p>
   </div>
   <div class='ocr_carea' id='block_1_42' title="bbox 89 2749 1596 2827">
    <p class='ocr_par' dir='ltr' id='par_1_42' title="bbox 89 2749 1596 2827">
     <span class='ocr_line' id='line_1_42' title="bbox 89 2749 1596 2827; baseline 0.01 -31"><span class='ocrx_word' id='word_1_225' title='bbox 89 2761 212 2815; x_wconf 84' lang='grc' dir='ltr'><strong>τερ,</strong></span> <span class='ocrx_word' id='word_1_226' title='bbox 247 2749 567 2817; x_wconf 78' lang='grc' dir='ltr'><strong>προκρίνας.</strong></span> <span class='ocrx_word' id='word_1_227' title='bbox 593 2749 688 2802; x_wconf 85' lang='grc' dir='ltr'><strong>νῦν</strong></span> <span class='ocrx_word' id='word_1_228' title='bbox 717 2752 810 2803; x_wconf 83' lang='grc' dir='ltr'><strong>τὸν</strong></span> <span class='ocrx_word' id='word_1_229' title='bbox 843 2751 1013 2823; x_wconf 76' lang='grc' dir='ltr'><strong>βαρὺν</strong></span> <span class='ocrx_word' id='word_1_230' title='bbox 1045 2753 1222 2807; x_wconf 81' lang='grc' dir='ltr'><strong>κλοιὸν</strong></span> <span class='ocrx_word' id='word_1_231' title='bbox 1253 2756 1596 2827; x_wconf 82' lang='grc' dir='ltr'><strong>περίκειμαι.</strong></span> 
     </span>
    </p>
   </div>
   <div class='ocr_carea' id='block_1_43' title="bbox 177 2927 1670 3004">
    <p class='ocr_par' dir='ltr' id='par_1_43' title="bbox 177 2927 1670 3004">
     <span class='ocr_line' id='line_1_43' title="bbox 177 2927 1670 3004; baseline 0.006 -26"><span class='ocrx_word' id='word_1_232' title='bbox 177 2927 492 2995; x_wconf 80' lang='grc' dir='ltr'><strong>Ἐκόσμησα</strong></span> <span class='ocrx_word' id='word_1_233' title='bbox 535 2927 628 2979; x_wconf 65' lang='grc' dir='ltr'><strong>τὸν</strong></span> <span class='ocrx_word' id='word_1_234' title='bbox 676 2929 775 2997; x_wconf 87' lang='grc' dir='ltr'><strong>τῆς</strong></span> <span class='ocrx_word' id='word_1_235' title='bbox 829 2931 1028 3001; x_wconf 83' lang='grc' dir='ltr'><strong>σαρκὸς</strong></span> <span class='ocrx_word' id='word_1_236' title='bbox 1087 2932 1400 3001; x_wconf 76' lang='grc' dir='ltr'><strong>ἀνδριάντα,</strong></span> <span class='ocrx_word' id='word_1_237' title='bbox 1453 2938 1520 3004; x_wconf 78' lang='grc' dir='ltr'><strong>τῇ</strong></span> <span class='ocrx_word' id='word_1_238' title='bbox 1562 2936 1670 2989; x_wconf 81' lang='grc' dir='ltr'><strong>τῶν</strong></span> 
     </span>
    </p>
   </div>
   <div class='ocr_carea' id='block_1_44' title="bbox 88 3018 1669 3100">
    <p class='ocr_par' dir='ltr' id='par_1_44' title="bbox 88 3018 1669 3100">
     <span class='ocr_line' id='line_1_44' title="bbox 88 3018 1669 3100; baseline 0.006 -28"><span class='ocrx_word' id='word_1_239' title='bbox 88 3019 335 3088; x_wconf 72' lang='grc' dir='ltr'><strong>αἰσχρῶν</strong></span> <span class='ocrx_word' id='word_1_240' title='bbox 366 3018 644 3090; x_wconf 79' lang='grc' dir='ltr'><strong>λογιομῶν</strong></span> <span class='ocrx_word' id='word_1_241' title='bbox 689 3021 910 3092; x_wconf 77' lang='grc' dir='ltr'><strong>ποικίλῃ</strong></span> <span class='ocrx_word' id='word_1_242' title='bbox 956 3023 1241 3095; x_wconf 76' lang='grc' dir='ltr'><strong>περιϐολῇ,</strong></span> <span class='ocrx_word' id='word_1_243' title='bbox 1286 3026 1375 3078; x_wconf 80' lang='grc' dir='ltr'><strong>καὶ</strong></span> <span class='ocrx_word' id='word_1_244' title='bbox 1410 3030 1669 3100; x_wconf 77' lang='grc' dir='ltr'><strong>κατακρί-</strong></span> 
     </span>
    </p>
   </div>
   <div class='ocr_carea' id='block_1_45' title="bbox 88 3127 277 3180">
    <p class='ocr_par' dir='ltr' id='par_1_45' title="bbox 88 3127 277 3180">
     <span class='ocr_line' id='line_1_45' title="bbox 88 3127 277 3180; baseline 0 -16"><span class='ocrx_word' id='word_1_245' title='bbox 88 3127 277 3180; x_wconf 88' lang='grc' dir='ltr'><strong>νομαι.</strong></span> 
     </span>
    </p>
   </div>
   <div class='ocr_carea' id='block_1_46' title="bbox 163 3203 1666 3279">
    <p class='ocr_par' dir='ltr' id='par_1_46' title="bbox 163 3203 1666 3279">
     <span class='ocr_line' id='line_1_46' title="bbox 163 3203 1666 3279; baseline 0.007 -25"><span class='ocrx_word' id='word_1_246' title='bbox 163 3203 275 3270; x_wconf 84' lang='grc' dir='ltr'><strong>Τῆς</strong></span> <span class='ocrx_word' id='word_1_247' title='bbox 303 3203 500 3269; x_wconf 78' lang='grc' dir='ltr'><strong>ἔξωθεν</strong></span> <span class='ocrx_word' id='word_1_248' title='bbox 531 3204 808 3271; x_wconf 84' lang='grc' dir='ltr'><strong>ὲπιμελῶν</strong></span> <span class='ocrx_word' id='word_1_249' title='bbox 843 3204 1140 3275; x_wconf 79' lang='grc' dir='ltr'><strong>εὐκοσμίας</strong></span> <span class='ocrx_word' id='word_1_250' title='bbox 1167 3207 1333 3279; x_wconf 84' lang='grc' dir='ltr'><strong>μόνης</strong></span> <span class='ocrx_word' id='word_1_251' title='bbox 1355 3209 1666 3278; x_wconf 71' lang='grc' dir='ltr'><strong>ἐφρόντισα,</strong></span> 
     </span>
    </p>
   </div>
   <div class='ocr_carea' id='block_1_47' title="bbox 87 3293 1297 3369">
    <p class='ocr_par' dir='ltr' id='par_1_47' title="bbox 87 3293 1297 3369">
     <span class='ocr_line' id='line_1_47' title="bbox 87 3293 1297 3369; baseline 0.007 -24"><span class='ocrx_word' id='word_1_252' title='bbox 87 3293 192 3363; x_wconf 81' lang='grc' dir='ltr'><strong>τῆς</strong></span> <span class='ocrx_word' id='word_1_253' title='bbox 224 3293 369 3346; x_wconf 79' lang='grc' dir='ltr'><strong>ἔνδον</strong></span> <span class='ocrx_word' id='word_1_254' title='bbox 405 3293 672 3365; x_wconf 81' lang='grc' dir='ltr'><strong>ὑπεριδὼν</strong></span> <span class='ocrx_word' id='word_1_255' title='bbox 701 3295 1042 3350; x_wconf 82' lang='grc' dir='ltr'><strong>Θεοτυττώτου</strong></span> <span class='ocrx_word' id='word_1_256' title='bbox 1068 3299 1297 3369; x_wconf 84' lang='grc' dir='ltr'><strong>σκηνῆς.</strong></span> 
     </span>
    </p>
   </div>
   <div class='ocr_carea' id='block_1_48' title="bbox 165 3374 1672 3461">
    <p class='ocr_par' dir='ltr' id='par_1_48' title="bbox 165 3374 1672 3461">
     <span class='ocr_line' id='line_1_48' title="bbox 165 3374 1672 3461; baseline 0.007 -26"><span class='ocrx_word' id='word_1_257' title='bbox 165 3374 476 3456; x_wconf 77' lang='grc' dir='ltr'><strong>Μορφώσας</strong></span> <span class='ocrx_word' id='word_1_258' title='bbox 508 3404 607 3456; x_wconf 88' lang='grc' dir='ltr'><strong>μου</strong></span> <span class='ocrx_word' id='word_1_259' title='bbox 637 3388 736 3457; x_wconf 84' lang='grc' dir='ltr'><strong>τὴν</strong></span> <span class='ocrx_word' id='word_1_260' title='bbox 782 3389 890 3440; x_wconf 78' lang='grc' dir='ltr'><strong>τῶν</strong></span> <span class='ocrx_word' id='word_1_261' title='bbox 936 3389 1120 3441; x_wconf 81' lang='grc' dir='ltr'><strong>παθῶν</strong></span> <span class='ocrx_word' id='word_1_262' title='bbox 1164 3391 1444 3461; x_wconf 79' lang='grc' dir='ltr'><strong>ἀμορφίαν</strong></span> <span class='ocrx_word' id='word_1_263' title='bbox 1485 3394 1506 3424; x_wconf 86' lang='grc'><strong><em>⁸</em></strong></span> <span class='ocrx_word' id='word_1_264' title='bbox 1552 3396 1672 3457; x_wconf 80' lang='grc' dir='ltr'><strong>ταῖς</strong></span> 
     </span>
    </p>
   </div>
   <div class='ocr_carea' id='block_1_49' title="bbox 88 3477 1674 3551">
    <p class='ocr_par' dir='ltr' id='par_1_49' title="bbox 88 3477 1674 3551">
     <span class='ocr_line' id='line_1_49' title="bbox 88 3477 1674 3551; baseline 0.004 -22"><span class='ocrx_word' id='word_1_265' title='bbox 88 3477 396 3547; x_wconf 77' lang='grc' dir='ltr'><strong>φιληδόνοις</strong></span> <span class='ocrx_word' id='word_1_266' title='bbox 433 3480 652 3549; x_wconf 74' lang='grc' dir='ltr'><strong>ὁρμαῖς,</strong></span> <span class='ocrx_word' id='word_1_267' title='bbox 698 3479 1060 3551; x_wconf 78' lang='grc' dir='ltr'><strong>ἐλυμηνάμην</strong></span> <span class='ocrx_word' id='word_1_268' title='bbox 1090 3481 1184 3532; x_wconf 84' lang='grc' dir='ltr'><strong>τοῦ</strong></span> <span class='ocrx_word' id='word_1_269' title='bbox 1216 3481 1307 3535; x_wconf 84' lang='grc' dir='ltr'><strong>νοῦ</strong></span> <span class='ocrx_word' id='word_1_270' title='bbox 1337 3483 1437 3550; x_wconf 81' lang='grc' dir='ltr'><strong>τὴν</strong></span> <span class='ocrx_word' id='word_1_271' title='bbox 1479 3483 1674 3551; x_wconf 81' lang='grc' dir='ltr'><strong>ὡραιό-</strong></span> 
     </span>
    </p>
   </div>
   <div class='ocr_carea' id='block_1_50' title="bbox 87 3579 251 3636">
    <p class='ocr_par' dir='ltr' id='par_1_50' title="bbox 87 3579 251 3636">
     <span class='ocr_line' id='line_1_50' title="bbox 87 3579 251 3636; baseline 0.012 -18"><span class='ocrx_word' id='word_1_272' title='bbox 87 3579 251 3636; x_wconf 63' lang='grc' dir='ltr'><strong>ητα.</strong></span> 
     </span>
    </p>
   </div>
   <div class='ocr_carea' id='block_1_51' title="bbox 163 3661 1669 3736">
    <p class='ocr_par' dir='ltr' id='par_1_51' title="bbox 163 3661 1669 3736">
     <span class='ocr_line' id='line_1_51' title="bbox 163 3661 1669 3736; baseline 0.002 -20"><span class='ocrx_word' id='word_1_273' title='bbox 163 3661 465 3730; x_wconf 80' lang='grc' dir='ltr'><strong>Κατέχωσα</strong></span> <span class='ocrx_word' id='word_1_274' title='bbox 519 3661 619 3728; x_wconf 76' lang='grc' dir='ltr'><strong>τῆς</strong></span> <span class='ocrx_word' id='word_1_275' title='bbox 660 3664 788 3728; x_wconf 72' lang='grc' dir='ltr'><strong>πρὶν</strong></span> <span class='ocrx_word' id='word_1_276' title='bbox 838 3662 1047 3725; x_wconf 70' lang='grc' dir='ltr'><strong>εἰκόνος</strong></span> <span class='ocrx_word' id='word_1_277' title='bbox 1095 3663 1156 3716; x_wconf 80' lang='grc' dir='ltr'><strong>τδ</strong></span> <span class='ocrx_word' id='word_1_278' title='bbox 1198 3664 1413 3728; x_wconf 79' lang='grc' dir='ltr'><strong>κάλλος,</strong></span> <span class='ocrx_word' id='word_1_279' title='bbox 1466 3666 1669 3736; x_wconf 85' lang='grc' dir='ltr'><strong>Σῶτερ.</strong></span> 
     </span>
    </p>
   </div>
   <div class='ocr_carea' id='block_1_52' title="bbox 87 3753 1671 3828">
    <p class='ocr_par' dir='ltr' id='par_1_52' title="bbox 87 3753 1671 3828">
     <span class='ocr_line' id='line_1_52' title="bbox 87 3753 1671 3828; baseline 0.001 -20"><span class='ocrx_word' id='word_1_280' title='bbox 87 3757 206 3816; x_wconf 76' lang='grc' dir='ltr'><strong>τοῖς</strong></span> <span class='ocrx_word' id='word_1_281' title='bbox 235 3754 435 3808; x_wconf 84' lang='grc' dir='ltr'><strong>πάθεσι</strong></span> <span class='ocrx_word' id='word_1_282' title='bbox 457 3768 472 3784; x_wconf 75' lang='grc' dir='ltr'><strong><em>ο</em></strong></span> <span class='ocrx_word' id='word_1_283' title='bbox 506 3753 621 3807; x_wconf 76' lang='grc' dir='ltr'><strong>ἀλλ’</strong></span> <span class='ocrx_word' id='word_1_284' title='bbox 646 3753 722 3818; x_wconf 84' lang='grc' dir='ltr'><strong>ὥς</strong></span> <span class='ocrx_word' id='word_1_285' title='bbox 755 3772 884 3808; x_wconf 81' lang='grc' dir='ltr'><strong>ποτε</strong></span> <span class='ocrx_word' id='word_1_286' title='bbox 913 3755 1012 3824; x_wconf 79' lang='grc' dir='ltr'><strong>τὴν</strong></span> <span class='ocrx_word' id='word_1_287' title='bbox 1041 3755 1289 3826; x_wconf 77' lang='grc' dir='ltr'><strong>δραχμὴν</strong></span> <span class='ocrx_word' id='word_1_288' title='bbox 1327 3755 1671 3828; x_wconf 72' lang='grc' dir='ltr'><strong>ἀναζητήσας</strong></span> 
     </span>
    </p>
   </div>
   <div class='ocr_carea' id='block_1_53' title="bbox 88 3847 533 3917">
    <p class='ocr_par' dir='ltr' id='par_1_53' title="bbox 88 3847 533 3917">
     <span class='ocr_line' id='line_1_53' title="bbox 88 3847 533 3917; baseline 0.004 -15"><span class='ocrx_word' id='word_1_289' title='bbox 88 3847 246 3917; x_wconf 80' lang='grc' dir='ltr'><strong>εὑρέ.</strong></span> <span class='ocrx_word' id='word_1_290' title='bbox 525 3853 533 3861; x_wconf 86' lang='grc'><strong>’</strong></span> 
     </span>
    </p>
   </div>
   <div class='ocr_carea' id='block_1_54' title="bbox 178 3937 1673 4009">
    <p class='ocr_par' dir='ltr' id='par_1_54' title="bbox 178 3937 1673 4009">
     <span class='ocr_line' id='line_1_54' title="bbox 178 3937 1673 4009; baseline -0.001 -18"><span class='ocrx_word' id='word_1_291' title='bbox 178 3937 544 4009; x_wconf 65' lang='grc' dir='ltr'><strong>Ἦμάρτηκει·</strong></span> <span class='ocrx_word' id='word_1_292' title='bbox 600 3937 787 4008; x_wconf 80' lang='grc' dir='ltr'><strong>ὥσπερ</strong></span> <span class='ocrx_word' id='word_1_293' title='bbox 933 3937 1105 4009; x_wconf 83' lang='grc' dir='ltr'><strong>πόρνη</strong></span> <span class='ocrx_word' id='word_1_294' title='bbox 1164 3937 1270 4005; x_wconf 83' lang='grc' dir='ltr'>βοῶ</span> <span class='ocrx_word' id='word_1_295' title='bbox 1314 3954 1429 3990; x_wconf 79' lang='grc' dir='ltr'><strong>σοι’</strong></span> <span class='ocrx_word' id='word_1_296' title='bbox 1497 3938 1673 4000; x_wconf 69' lang='grc' dir='ltr'><strong>Μόνος</strong></span> 
     </span>
    </p>
   </div>
   <div class='ocr_carea' id='block_1_55' title="bbox 88 4029 1674 4101">
    <p class='ocr_par' dir='ltr' id='par_1_55' title="bbox 88 4029 1674 4101">
     <span class='ocr_line' id='line_1_55' title="bbox 88 4029 1674 4101; baseline -0.001 -18"><span class='ocrx_word' id='word_1_297' title='bbox 88 4031 395 4101; x_wconf 71' lang='grc' dir='ltr'><strong>ἡμάρτηκά</strong></span> <span class='ocrx_word' id='word_1_298' title='bbox 442 4047 561 4083; x_wconf 82' lang='grc' dir='ltr'><strong>σοι’</strong></span> <span class='ocrx_word' id='word_1_299' title='bbox 617 4031 693 4092; x_wconf 84' lang='grc' dir='ltr'><strong>ὠς</strong></span> <span class='ocrx_word' id='word_1_300' title='bbox 736 4029 906 4100; x_wconf 76' lang='grc' dir='ltr'><strong>μῦρον</strong></span> <span class='ocrx_word' id='word_1_301' title='bbox 955 4030 1132 4099; x_wconf 78' lang='grc' dir='ltr'><strong>δέχου,</strong></span> <span class='ocrx_word' id='word_1_302' title='bbox 1161 4029 1362 4100; x_wconf 72' lang='grc' dir='ltr'><strong>Σώτερ,</strong></span> <span class='ocrx_word' id='word_1_303' title='bbox 1401 4029 1575 4098; x_wconf 77' lang='grc' dir='ltr'><strong>κάμοῦ</strong></span> <span class='ocrx_word' id='word_1_304' title='bbox 1607 4029 1674 4081; x_wconf 71' lang='grc' dir='ltr'><strong>τὰ</strong></span> 
     </span>
    </p>
   </div>
   <div class='ocr_carea' id='block_1_56' title="bbox 87 4123 329 4192">
    <p class='ocr_par' dir='ltr' id='par_1_56' title="bbox 87 4123 329 4192">
     <span class='ocr_line' id='line_1_56' title="bbox 87 4123 329 4192; baseline 0.008 -18"><span class='ocrx_word' id='word_1_305' title='bbox 87 4123 329 4192; x_wconf 71' lang='grc' dir='ltr'><strong>δάκρυα.</strong></span> 
     </span>
    </p>
   </div>
   <div class='ocr_carea' id='block_1_57' title="bbox 179 4213 1676 4285">
    <p class='ocr_par' dir='ltr' id='par_1_57' title="bbox 179 4213 1676 4285">
     <span class='ocr_line' id='line_1_57' title="bbox 179 4213 1676 4285; baseline -0.001 -18"><span class='ocrx_word' id='word_1_306' title='bbox 179 4215 469 4285; x_wconf 77' lang='grc' dir='ltr'><strong>ὀλίσοησα</strong></span> <span class='ocrx_word' id='word_1_307' title='bbox 501 4215 576 4279; x_wconf 83' lang='grc' dir='ltr'><strong>ὼς</strong></span> <span class='ocrx_word' id='word_1_308' title='bbox 621 4215 649 4267; x_wconf 81' lang='grc' dir='ltr'><strong>ὁ</strong></span> <span class='ocrx_word' id='word_1_309' title='bbox 696 4214 860 4267; x_wconf 77' lang='grc' dir='ltr'><strong>Δασὶδ</strong></span> <span class='ocrx_word' id='word_1_310' title='bbox 899 4215 1218 4278; x_wconf 82' lang='grc' dir='ltr'><strong>ἀκολάστως</strong></span> <span class='ocrx_word' id='word_1_311' title='bbox 1242 4255 1256 4278; x_wconf 90' lang='grc'><strong>,</strong></span> <span class='ocrx_word' id='word_1_312' title='bbox 1291 4213 1386 4268; x_wconf 75' lang='grc' dir='ltr'><strong>καὶ</strong></span> <span class='ocrx_word' id='word_1_313' title='bbox 1420 4214 1676 4285; x_wconf 65' lang='lat'><strong>$560966-</strong></span> 
     </span>
    </p>
   </div>
   <div class='ocr_carea' id='block_1_58' title="bbox 93 4306 1673 4378">
    <p class='ocr_par' dir='ltr' id='par_1_58' title="bbox 93 4306 1673 4378">
     <span class='ocr_line' id='line_1_58' title="bbox 93 4306 1673 4378; baseline 0 -19"><span class='ocrx_word' id='word_1_314' title='bbox 93 4325 282 4378; x_wconf 74' lang='grc' dir='ltr'><strong>ρωμαι</strong></span> <span class='ocrx_word' id='word_1_315' title='bbox 306 4325 319 4338; x_wconf 88' lang='grc'><strong>·</strong></span> <span class='ocrx_word' id='word_1_316' title='bbox 347 4307 460 4360; x_wconf 75' lang='grc' dir='ltr'>ἀλλ’</span> <span class='ocrx_word' id='word_1_317' title='bbox 489 4307 800 4360; x_wconf 83' lang='grc' dir='ltr'><strong>ἀπόπλυνον</strong></span> <span class='ocrx_word' id='word_1_318' title='bbox 827 4307 996 4376; x_wconf 79' lang='grc' dir='ltr'><strong>κάμὲ,</strong></span> <span class='ocrx_word' id='word_1_319' title='bbox 1022 4306 1227 4376; x_wconf 84' lang='grc' dir='ltr'><strong>Σῶτερ.</strong></span> <span class='ocrx_word' id='word_1_320' title='bbox 1256 4308 1369 4370; x_wconf 85' lang='grc' dir='ltr'><strong>τοῖς</strong></span> <span class='ocrx_word' id='word_1_321' title='bbox 1394 4307 1673 4375; x_wconf 81' lang='grc' dir='ltr'><strong>δάκρυσιν.</strong></span> 
     </span>
    </p>
   </div>
   <div class='ocr_carea' id='block_1_59' title="bbox 138 4396 1676 4470">
    <p class='ocr_par' dir='ltr' id='par_1_59' title="bbox 138 4396 1676 4470">
     <span class='ocr_line' id='line_1_59' title="bbox 138 4396 1676 4470; baseline 0.001 -20"><span class='ocrx_word' id='word_1_322' title='bbox 138 4396 141 4398; x_wconf 68' lang='grc'><em>’</em></span> <span class='ocrx_word' id='word_1_323' title='bbox 179 4399 449 4470; x_wconf 82' lang='grc' dir='ltr'><strong>Ἰλάσθητι</strong></span> <span class='ocrx_word' id='word_1_324' title='bbox 471 4415 484 4430; x_wconf 81' lang='grc'><em>’</em></span> <span class='ocrx_word' id='word_1_325' title='bbox 522 4399 598 4461; x_wconf 81' lang='grc' dir='ltr'><strong>ὡς</strong></span> <span class='ocrx_word' id='word_1_326' title='bbox 626 4401 654 4451; x_wconf 84' lang='grc' dir='ltr'>ὁ</span> <span class='ocrx_word' id='word_1_327' title='bbox 680 4397 951 4467; x_wconf 77' lang='grc' dir='ltr'><strong>Τελὼνης,</strong></span> <span class='ocrx_word' id='word_1_328' title='bbox 988 4399 1095 4465; x_wconf 83' lang='grc' dir='ltr'><strong>βοῶ</strong></span> <span class='ocrx_word' id='word_1_329' title='bbox 1131 4415 1248 4451; x_wconf 92' lang='grc' dir='ltr'><strong>σοι·</strong></span> <span class='ocrx_word' id='word_1_330' title='bbox 1282 4419 1298 4450; x_wconf 80' lang='grc' dir='ltr'><strong>ι</strong></span> <span class='ocrx_word' id='word_1_331' title='bbox 1333 4399 1537 4465; x_wconf 85' lang='grc' dir='ltr'><strong>Σῶτερ,</strong></span> <span class='ocrx_word' id='word_1_332' title='bbox 1565 4398 1676 4452; x_wconf 79' lang='grc' dir='ltr'><strong>ἱλά-</strong></span> 
     </span>
    </p>
   </div>
   <div class='ocr_carea' id='block_1_60' title="bbox 1778 1829 2154 1895">
    <p class='ocr_par' dir='ltr' id='par_1_60' title="bbox 1778 1829 2154 1895">
     <span class='ocr_line' id='line_1_60' title="bbox 1778 1829 2154 1895; baseline 0 -15"><span class='ocrx_word' id='word_1_333' title='bbox 1778 1829 1907 1881; x_wconf 85' lang='lat' dir='ltr'><strong>vilia</strong></span> <span class='ocrx_word' id='word_1_334' title='bbox 1937 1835 2154 1895; x_wconf 73' lang='lat' dir='ltr'><strong>arguat.</strong></span> 
     </span>
    </p>
   </div>
   <div class='ocr_carea' id='block_1_61' title="bbox 1847 1915 3340 1981">
    <p class='ocr_par' dir='ltr' id='par_1_61' title="bbox 1847 1915 3340 1981">
     <span class='ocr_line' id='line_1_61' title="bbox 1847 1915 3340 1981; baseline -0.003 -9"><span class='ocrx_word' id='word_1_335' title='bbox 1847 1920 2072 1973; x_wconf 89' lang='lat' dir='ltr'><strong>lndutus</strong></span> <span class='ocrx_word' id='word_1_336' title='bbox 2095 1935 2216 1971; x_wconf 87' lang='lat' dir='ltr'><strong>sum</strong></span> <span class='ocrx_word' id='word_1_337' title='bbox 2247 1919 2570 1972; x_wconf 73' lang='lat' dir='ltr'><strong>maculatam</strong></span> <span class='ocrx_word' id='word_1_338' title='bbox 2605 1917 2866 1981; x_wconf 87' lang='lat' dir='ltr'><strong>tunicam,</strong></span> <span class='ocrx_word' id='word_1_339' title='bbox 2897 1932 2960 1969; x_wconf 90' lang='lat' dir='ltr'><strong>ac</strong></span> <span class='ocrx_word' id='word_1_340' title='bbox 2986 1915 3126 1968; x_wconf 68' lang='lat' dir='ltr'><strong>finde.</strong></span> <span class='ocrx_word' id='word_1_341' title='bbox 3148 1932 3340 1969; x_wconf 86' lang='lat' dir='ltr'><strong>cruen-</strong></span> 
     </span>
    </p>
   </div>
   <div class='ocr_carea' id='block_1_62' title="bbox 1776 2008 3336 2078">
    <p class='ocr_par' dir='ltr' id='par_1_62' title="bbox 1776 2008 3336 2078">
     <span class='ocr_line' id='line_1_62' title="bbox 1776 2008 3336 2078; baseline -0.003 -11"><span class='ocrx_word' id='word_1_342' title='bbox 1776 2023 1984 2077; x_wconf 88' lang='lat' dir='ltr'><strong>tatam,</strong></span> <span class='ocrx_word' id='word_1_343' title='bbox 2013 2011 2285 2066; x_wconf 80' lang='lat' dir='ltr'><strong>deﬂuente</strong></span> <span class='ocrx_word' id='word_1_344' title='bbox 2323 2014 2428 2065; x_wconf 88' lang='lat' dir='ltr'><strong>vita</strong></span> <span class='ocrx_word' id='word_1_345' title='bbox 2478 2008 2863 2064; x_wconf 76' lang='lat' dir='ltr'><strong>aﬂectionibus</strong></span> <span class='ocrx_word' id='word_1_346' title='bbox 2894 2019 2948 2064; x_wconf 90' lang='lat' dir='ltr'><strong>et</strong></span> <span class='ocrx_word' id='word_1_347' title='bbox 2997 2012 3336 2078; x_wconf 75' lang='lat' dir='ltr'><strong>voluptatum</strong></span> 
     </span>
    </p>
   </div>
   <div class='ocr_carea' id='block_1_63' title="bbox 1775 2123 1977 2161">
    <p class='ocr_par' dir='ltr' id='par_1_63' title="bbox 1775 2123 1977 2161">
     <span class='ocr_line' id='line_1_63' title="bbox 1775 2123 1977 2161; baseline -0.005 0"><span class='ocrx_word' id='word_1_348' title='bbox 1775 2123 1977 2161; x_wconf 84' lang='lat' dir='ltr'><strong>amore.</strong></span> 
     </span>
    </p>
   </div>
   <div class='ocr_carea' id='block_1_64' title="bbox 1846 2191 3338 2258">
    <p class='ocr_par' dir='ltr' id='par_1_64' title="bbox 1846 2191 3338 2258">
     <span class='ocr_line' id='line_1_64' title="bbox 1846 2191 3338 2258; baseline -0.005 -9"><span class='ocrx_word' id='word_1_349' title='bbox 1846 2195 2106 2250; x_wconf 83' lang='lat' dir='ltr'><strong>Maculavi</strong></span> <span class='ocrx_word' id='word_1_350' title='bbox 2139 2194 2325 2248; x_wconf 87' lang='lat' dir='ltr'><strong>carnis</strong></span> <span class='ocrx_word' id='word_1_351' title='bbox 2349 2207 2480 2246; x_wconf 60' lang='lat' dir='ltr'><strong>mea?</strong></span> <span class='ocrx_word' id='word_1_352' title='bbox 2515 2191 2780 2254; x_wconf 81' lang='lat' dir='ltr'><strong>tunicam,</strong></span> <span class='ocrx_word' id='word_1_353' title='bbox 2806 2201 2857 2243; x_wconf 83' lang='lat' dir='ltr'><strong>et</strong></span> <span class='ocrx_word' id='word_1_354' title='bbox 2886 2191 3268 2258; x_wconf 72' lang='lat' dir='ltr'><strong>conspurcavi,</strong></span> <span class='ocrx_word' id='word_1_355' title='bbox 3306 2208 3338 2241; x_wconf 87' lang='lat' dir='ltr'><strong>o</strong></span> 
     </span>
    </p>
   </div>
   <div class='ocr_carea' id='block_1_65' title="bbox 1776 2283 3183 2354">
    <p class='ocr_par' dir='ltr' id='par_1_65' title="bbox 1776 2283 3183 2354">
     <span class='ocr_line' id='line_1_65' title="bbox 1776 2283 3183 2354; baseline -0.005 -12"><span class='ocrx_word' id='word_1_356' title='bbox 1776 2287 2049 2350; x_wconf 84' lang='lat' dir='ltr'><strong>Salvator,</strong></span> <span class='ocrx_word' id='word_1_357' title='bbox 2077 2287 2308 2340; x_wconf 88' lang='lat' dir='ltr'><strong>inditam</strong></span> <span class='ocrx_word' id='word_1_358' title='bbox 2337 2285 2634 2354; x_wconf 80' lang='lat' dir='ltr'><strong>imaginem</strong></span> <span class='ocrx_word' id='word_1_359' title='bbox 2665 2293 2718 2338; x_wconf 89' lang='lat' dir='ltr'><strong>et</strong></span> <span class='ocrx_word' id='word_1_360' title='bbox 2740 2283 3183 2338; x_wconf 83' lang='lat' dir='ltr'><strong>similitudinem.</strong></span> 
     </span>
    </p>
   </div>
   <div class='ocr_carea' id='block_1_66' title="bbox 1847 2457 3341 2521">
    <p class='ocr_par' dir='ltr' id='par_1_66' title="bbox 1847 2457 3341 2521">
     <span class='ocr_line' id='line_1_66' title="bbox 1847 2457 3341 2521; baseline -0.003 -5"><span class='ocrx_word' id='word_1_361' title='bbox 1847 2463 2090 2516; x_wconf 51' lang='lat' dir='ltr'><strong>Molestis</strong></span> <span class='ocrx_word' id='word_1_362' title='bbox 2148 2459 2526 2513; x_wconf 78' lang='lat' dir='ltr'><strong>aﬂ‘ectionibus</strong></span> <span class='ocrx_word' id='word_1_363' title='bbox 2554 2459 2849 2511; x_wconf 83' lang='lat' dir='ltr'><strong>obsecutus</strong></span> <span class='ocrx_word' id='word_1_364' title='bbox 2878 2473 3023 2521; x_wconf 86' lang='lat' dir='ltr'><strong>smn,</strong></span> <span class='ocrx_word' id='word_1_365' title='bbox 3073 2467 3126 2510; x_wconf 90' lang='lat' dir='ltr'><strong>et</strong></span> <span class='ocrx_word' id='word_1_366' title='bbox 3156 2457 3341 2512; x_wconf 78' lang='lat' dir='ltr'><strong>carnis</strong></span> 
     </span>
    </p>
   </div>
   <div class='ocr_carea' id='block_1_67' title="bbox 1773 2550 2958 2621">
    <p class='ocr_par' dir='ltr' id='par_1_67' title="bbox 1773 2550 2958 2621">
     <span class='ocr_line' id='line_1_67' title="bbox 1773 2550 2958 2621; baseline -0.008 -13"><span class='ocrx_word' id='word_1_367' title='bbox 1773 2551 2113 2621; x_wconf 84' lang='lat' dir='ltr'><strong>c0rriiptioni</strong></span> <span class='ocrx_word' id='word_1_368' title='bbox 2140 2569 2154 2616; x_wconf 88' lang='lat'><strong>;</strong></span> <span class='ocrx_word' id='word_1_369' title='bbox 2184 2565 2359 2620; x_wconf 77' lang='lat' dir='ltr'><strong>caque</strong></span> <span class='ocrx_word' id='word_1_370' title='bbox 2385 2550 2564 2603; x_wconf 85' lang='lat' dir='ltr'><strong>hostis</strong></span> <span class='ocrx_word' id='word_1_371' title='bbox 2593 2550 2703 2617; x_wconf 84' lang='lat' dir='ltr'><strong>jam</strong></span> <span class='ocrx_word' id='word_1_372' title='bbox 2740 2550 2958 2614; x_wconf 82' lang='lat' dir='ltr'><strong>premit.</strong></span> 
     </span>
    </p>
   </div>
   <div class='ocr_carea' id='block_1_68' title="bbox 1843 2639 3338 2710">
    <p class='ocr_par' dir='ltr' id='par_1_68' title="bbox 1843 2639 3338 2710">
     <span class='ocr_line' id='line_1_68' title="bbox 1843 2639 3338 2710; baseline -0.003 -14"><span class='ocrx_word' id='word_1_373' title='bbox 1843 2643 2010 2706; x_wconf 84' lang='lat' dir='ltr'><strong>Vita,</strong></span> <span class='ocrx_word' id='word_1_374' title='bbox 2090 2643 2464 2710; x_wconf 83' lang='lat' dir='ltr'><strong>corporalium</strong></span> <span class='ocrx_word' id='word_1_375' title='bbox 2557 2651 2893 2708; x_wconf 56' lang='lat' dir='ltr'><strong>terrenaque</strong></span> <span class='ocrx_word' id='word_1_376' title='bbox 2981 2639 3338 2700; x_wconf 64' lang='lat' dir='ltr'><strong>substantia}.</strong></span> 
     </span>
    </p>
   </div>
   <div class='ocr_carea' id='block_1_69' title="bbox 1775 2727 3343 2801">
    <p class='ocr_par' dir='ltr' id='par_1_69' title="bbox 1775 2727 3343 2801">
     <span class='ocr_line' id='line_1_69' title="bbox 1775 2727 3343 2801; baseline -0.003 -15"><span class='ocrx_word' id='word_1_377' title='bbox 1775 2745 2013 2798; x_wconf 78' lang='lat' dir='ltr'><strong>amante,</strong></span> <span class='ocrx_word' id='word_1_378' title='bbox 2043 2733 2239 2801; x_wconf 82' lang='lat' dir='ltr'><strong>inepia:</strong></span> <span class='ocrx_word' id='word_1_379' title='bbox 2269 2732 2512 2801; x_wconf 71' lang='lat' dir='ltr'><strong>praalata,</strong></span> <span class='ocrx_word' id='word_1_380' title='bbox 2543 2744 2575 2782; x_wconf 90' lang='grc' dir='ltr'>ο</span> <span class='ocrx_word' id='word_1_381' title='bbox 2601 2729 2872 2794; x_wconf 83' lang='lat' dir='ltr'><strong>Salvator,</strong></span> <span class='ocrx_word' id='word_1_382' title='bbox 2905 2743 3048 2782; x_wconf 91' lang='lat' dir='ltr'><strong>nunc</strong></span> <span class='ocrx_word' id='word_1_383' title='bbox 3073 2727 3343 2798; x_wconf 84' lang='lat' dir='ltr'><strong>graveju-</strong></span> 
     </span>
    </p>
   </div>
   <div class='ocr_carea' id='block_1_70' title="bbox 1772 2825 2640 2898">
    <p class='ocr_par' dir='ltr' id='par_1_70' title="bbox 1772 2825 2640 2898">
     <span class='ocr_line' id='line_1_70' title="bbox 1772 2825 2640 2898; baseline -0.005 -19"><span class='ocrx_word' id='word_1_384' title='bbox 1772 2842 1896 2898; x_wconf 83' lang='lat' dir='ltr'><strong>gum</strong></span> <span class='ocrx_word' id='word_1_385' title='bbox 1924 2827 2056 2878; x_wconf 92' lang='lat' dir='ltr'><strong>illud</strong></span> <span class='ocrx_word' id='word_1_386' title='bbox 2095 2826 2407 2894; x_wconf 90' lang='lat' dir='ltr'><strong>impositum</strong></span> <span class='ocrx_word' id='word_1_387' title='bbox 2447 2825 2640 2877; x_wconf 91' lang='lat' dir='ltr'><strong>habeo.</strong></span> 
     </span>
    </p>
   </div>
   <div class='ocr_carea' id='block_1_71' title="bbox 1840 2913 3341 2985">
    <p class='ocr_par' dir='ltr' id='par_1_71' title="bbox 1840 2913 3341 2985">
     <span class='ocr_line' id='line_1_71' title="bbox 1840 2913 3341 2985; baseline -0.001 -16"><span class='ocrx_word' id='word_1_388' title='bbox 1840 2915 2040 2970; x_wconf 87' lang='lat' dir='ltr'><strong>Carnis</strong></span> <span class='ocrx_word' id='word_1_389' title='bbox 2075 2924 2307 2970; x_wconf 86' lang='lat' dir='ltr'><strong>statuam</strong></span> <span class='ocrx_word' id='word_1_390' title='bbox 2334 2916 2504 2978; x_wconf 90' lang='lat' dir='ltr'><strong>illam,</strong></span> <span class='ocrx_word' id='word_1_391' title='bbox 2527 2917 2677 2967; x_wconf 82' lang='lat' dir='ltr'><strong>vario</strong></span> <span class='ocrx_word' id='word_1_392' title='bbox 2703 2913 2890 2966; x_wconf 89' lang='lat' dir='ltr'><strong>ornavi</strong></span> <span class='ocrx_word' id='word_1_393' title='bbox 2929 2914 3169 2983; x_wconf 86' lang='lat' dir='ltr'><strong>turpium</strong></span> <span class='ocrx_word' id='word_1_394' title='bbox 3188 2914 3341 2985; x_wconf 89' lang='lat' dir='ltr'><strong>cogi-</strong></span> 
     </span>
    </p>
   </div>
   <div class='ocr_carea' id='block_1_72' title="bbox 1773 3006 3014 3066">
    <p class='ocr_par' dir='ltr' id='par_1_72' title="bbox 1773 3006 3014 3066">
     <span class='ocr_line' id='line_1_72' title="bbox 1773 3006 3014 3066; baseline 0 -6"><span class='ocrx_word' id='word_1_395' title='bbox 1773 3009 2037 3061; x_wconf 84' lang='lat' dir='ltr'><strong>tationum</strong></span> <span class='ocrx_word' id='word_1_396' title='bbox 2068 3009 2298 3066; x_wconf 84' lang='lat' dir='ltr'><strong>amictu,</strong></span> <span class='ocrx_word' id='word_1_397' title='bbox 2334 3022 2395 3060; x_wconf 88' lang='lat' dir='ltr'><strong>ac</strong></span> <span class='ocrx_word' id='word_1_398' title='bbox 2427 3006 2676 3059; x_wconf 85' lang='lat' dir='ltr'><strong>criminis</strong></span> <span class='ocrx_word' id='word_1_399' title='bbox 2706 3020 2833 3060; x_wconf 89' lang='lat' dir='ltr'><strong>reus</strong></span> <span class='ocrx_word' id='word_1_400' title='bbox 2867 3020 3014 3060; x_wconf 88' lang='lat' dir='ltr'><strong>sum.</strong></span> 
     </span>
    </p>
   </div>
   <div class='ocr_carea' id='block_1_73' title="bbox 1850 3185 3338 3261">
    <p class='ocr_par' dir='ltr' id='par_1_73' title="bbox 1850 3185 3338 3261">
     <span class='ocr_line' id='line_1_73' title="bbox 1850 3185 3338 3261; baseline -0.002 -20"><span class='ocrx_word' id='word_1_401' title='bbox 1850 3187 2034 3261; x_wconf 82' lang='lat' dir='ltr'><strong>Solius</strong></span> <span class='ocrx_word' id='word_1_402' title='bbox 2083 3186 2296 3241; x_wconf 63' lang='lat' dir='ltr'><strong>externi</strong></span> <span class='ocrx_word' id='word_1_403' title='bbox 2343 3186 2559 3240; x_wconf 88' lang='lat' dir='ltr'><strong>decoris</strong></span> <span class='ocrx_word' id='word_1_404' title='bbox 2603 3199 2792 3238; x_wconf 90' lang='lat' dir='ltr'><strong>curam</strong></span> <span class='ocrx_word' id='word_1_405' title='bbox 2842 3185 3118 3239; x_wconf 90' lang='lat' dir='ltr'><strong>sollicitus</strong></span> <span class='ocrx_word' id='word_1_406' title='bbox 3149 3186 3338 3255; x_wconf 85' lang='lat' dir='ltr'><strong>gessi;</strong></span> 
     </span>
    </p>
   </div>
   <div class='ocr_carea' id='block_1_74' title="bbox 1779 3278 3276 3347">
    <p class='ocr_par' dir='ltr' id='par_1_74' title="bbox 1779 3278 3276 3347">
     <span class='ocr_line' id='line_1_74' title="bbox 1779 3278 3276 3347; baseline -0.003 -12"><span class='ocrx_word' id='word_1_407' title='bbox 1779 3282 2113 3347; x_wconf 80' lang='lat' dir='ltr'><strong>interiusque</strong></span> <span class='ocrx_word' id='word_1_408' title='bbox 2159 3294 2188 3331; x_wconf 89' lang='lat' dir='ltr'><strong>a</strong></span> <span class='ocrx_word' id='word_1_409' title='bbox 2235 3278 2342 3331; x_wconf 87' lang='lat' dir='ltr'><strong>Deo</strong></span> <span class='ocrx_word' id='word_1_410' title='bbox 2384 3279 2566 3330; x_wconf 89' lang='lat' dir='ltr'><strong>lictum</strong></span> <span class='ocrx_word' id='word_1_411' title='bbox 2599 3278 3011 3330; x_wconf 88' lang='lat' dir='ltr'><strong>tabernaculum</strong></span> <span class='ocrx_word' id='word_1_412' title='bbox 3041 3279 3276 3346; x_wconf 81' lang='lat' dir='ltr'><strong>neglexi.</strong></span> 
     </span>
    </p>
   </div>
   <div class='ocr_carea' id='block_1_75' title="bbox 1849 3369 3343 3438">
    <p class='ocr_par' dir='ltr' id='par_1_75' title="bbox 1849 3369 3343 3438">
     <span class='ocr_line' id='line_1_75' title="bbox 1849 3369 3343 3438; baseline 0 -14"><span class='ocrx_word' id='word_1_413' title='bbox 1849 3371 2157 3424; x_wconf 81' lang='lat' dir='ltr'><strong>Deformata</strong></span> <span class='ocrx_word' id='word_1_414' title='bbox 2186 3370 2318 3423; x_wconf 90' lang='lat' dir='ltr'><strong>mihi</strong></span> <span class='ocrx_word' id='word_1_415' title='bbox 2347 3369 2708 3437; x_wconf 89' lang='lat' dir='ltr'><strong>voluptuariis</strong></span> <span class='ocrx_word' id='word_1_416' title='bbox 2739 3369 3122 3423; x_wconf 72' lang='lat' dir='ltr'><strong>aﬂectionibus</strong></span> <span class='ocrx_word' id='word_1_417' title='bbox 3147 3409 3161 3431; x_wconf 89' lang='lat'><strong>,</strong></span> <span class='ocrx_word' id='word_1_418' title='bbox 3199 3373 3343 3438; x_wconf 86' lang='lat' dir='ltr'><strong>turpi</strong></span> 
     </span>
    </p>
   </div>
   <div class='ocr_carea' id='block_1_76' title="bbox 1779 3461 3344 3533">
    <p class='ocr_par' dir='ltr' id='par_1_76' title="bbox 1779 3461 3344 3533">
     <span class='ocr_line' id='line_1_76' title="bbox 1779 3461 3344 3533; baseline -0.002 -15"><span class='ocrx_word' id='word_1_419' title='bbox 1779 3467 2038 3519; x_wconf 77' lang='lat' dir='ltr'><strong>vitiorum</strong></span> <span class='ocrx_word' id='word_1_420' title='bbox 2095 3464 2296 3533; x_wconf 82' lang='lat' dir='ltr'><strong>specie,</strong></span> <span class='ocrx_word' id='word_1_421' title='bbox 2339 3463 2539 3516; x_wconf 89' lang='lat' dir='ltr'><strong>mentis</strong></span> <span class='ocrx_word' id='word_1_422' title='bbox 2577 3461 2851 3531; x_wconf 76' lang='lat' dir='ltr'><strong>egregiam</strong></span> <span class='ocrx_word' id='word_1_423' title='bbox 2906 3463 3051 3514; x_wconf 83' lang='lat' dir='ltr'><strong>illam</strong></span> <span class='ocrx_word' id='word_1_424' title='bbox 3107 3466 3344 3533; x_wconf 77' lang='lat' dir='ltr'><strong>speciem</strong></span> 
     </span>
    </p>
   </div>
   <div class='ocr_carea' id='block_1_77' title="bbox 1778 3556 1986 3611">
    <p class='ocr_par' dir='ltr' id='par_1_77' title="bbox 1778 3556 1986 3611">
     <span class='ocr_line' id='line_1_77' title="bbox 1778 3556 1986 3611; baseline 0 -6"><span class='ocrx_word' id='word_1_425' title='bbox 1778 3556 1986 3611; x_wconf 83' lang='lat' dir='ltr'><strong>vitiavi.</strong></span> 
     </span>
    </p>
   </div>
   <div class='ocr_carea' id='block_1_78' title="bbox 1847 3643 3346 3712">
    <p class='ocr_par' dir='ltr' id='par_1_78' title="bbox 1847 3643 3346 3712">
     <span class='ocr_line' id='line_1_78' title="bbox 1847 3643 3346 3712; baseline -0.002 -11"><span class='ocrx_word' id='word_1_426' title='bbox 1847 3647 2017 3701; x_wconf 91' lang='lat' dir='ltr'><strong>Obrui</strong></span> <span class='ocrx_word' id='word_1_427' title='bbox 2042 3646 2208 3708; x_wconf 82' lang='lat' dir='ltr'><strong>vitiis,</strong></span> <span class='ocrx_word' id='word_1_428' title='bbox 2224 3661 2256 3696; x_wconf 92' lang='lat' dir='ltr'><strong>o</strong></span> <span class='ocrx_word' id='word_1_429' title='bbox 2275 3645 2549 3700; x_wconf 84' lang='lat' dir='ltr'><strong>Salvator.</strong></span> <span class='ocrx_word' id='word_1_430' title='bbox 2577 3646 2767 3712; x_wconf 67' lang='lat' dir='ltr'><strong>prima:</strong></span> <span class='ocrx_word' id='word_1_431' title='bbox 2787 3643 3039 3712; x_wconf 80' lang='lat' dir='ltr'><strong>imaginis</strong></span> <span class='ocrx_word' id='word_1_432' title='bbox 3061 3644 3346 3698; x_wconf 77' lang='lat' dir='ltr'><strong>decorem:</strong></span> 
     </span>
    </p>
   </div>
   <div class='ocr_carea' id='block_1_79' title="bbox 1782 3735 3349 3804">
    <p class='ocr_par' dir='ltr' id='par_1_79' title="bbox 1782 3735 3349 3804">
     <span class='ocr_line' id='line_1_79' title="bbox 1782 3735 3349 3804; baseline -0.003 -11"><span class='ocrx_word' id='word_1_433' title='bbox 1782 3755 1966 3794; x_wconf 85' lang='lat' dir='ltr'><strong>verum</strong></span> <span class='ocrx_word' id='word_1_434' title='bbox 1989 3753 2094 3804; x_wconf 85' lang='lat' dir='ltr'><strong>qua</strong></span> <span class='ocrx_word' id='word_1_435' title='bbox 2124 3738 2252 3791; x_wconf 84' lang='lat' dir='ltr'><strong>olim</strong></span> <span class='ocrx_word' id='word_1_436' title='bbox 2289 3739 2526 3800; x_wconf 88' lang='lat' dir='ltr'><strong>ratione,</strong></span> <span class='ocrx_word' id='word_1_437' title='bbox 2557 3736 2874 3789; x_wconf 87' lang='lat' dir='ltr'><strong>drachmam</strong></span> <span class='ocrx_word' id='word_1_438' title='bbox 2905 3750 3067 3804; x_wconf 89' lang='lat' dir='ltr'><strong>quam</strong></span> <span class='ocrx_word' id='word_1_439' title='bbox 3105 3735 3349 3788; x_wconf 78' lang='lat' dir='ltr'><strong>invenias</strong></span> 
     </span>
    </p>
   </div>
   <div class='ocr_carea' id='block_1_80' title="bbox 1781 3839 2061 3900">
    <p class='ocr_par' dir='ltr' id='par_1_80' title="bbox 1781 3839 2061 3900">
     <span class='ocr_line' id='line_1_80' title="bbox 1781 3839 2061 3900; baseline 0 -17"><span class='ocrx_word' id='word_1_440' title='bbox 1781 3845 1965 3900; x_wconf 70' lang='lat' dir='ltr'><strong>quaere</strong></span> <span class='ocrx_word' id='word_1_441' title='bbox 2001 3839 2061 3883; x_wconf 71' lang='grc' dir='ltr'><strong>ω.</strong></span> 
     </span>
    </p>
   </div>
   <div class='ocr_carea' id='block_1_81' title="bbox 1852 3901 3348 3988">
    <p class='ocr_par' dir='ltr' id='par_1_81' title="bbox 1852 3901 3348 3988">
     <span class='ocr_line' id='line_1_81' title="bbox 1852 3901 3348 3988; baseline -0.003 -12"><span class='ocrx_word' id='word_1_442' title='bbox 1852 3901 2074 3976; x_wconf 66' lang='lat' dir='ltr'><strong>Peccavi</strong></span> <span class='ocrx_word' id='word_1_443' title='bbox 2102 3940 2117 3988; x_wconf 91' lang='lat'><strong>;</strong></span> <span class='ocrx_word' id='word_1_444' title='bbox 2151 3923 2328 3976; x_wconf 85' lang='lat' dir='ltr'><strong>clamo</strong></span> <span class='ocrx_word' id='word_1_445' title='bbox 2361 3922 2428 3976; x_wconf 90' lang='lat' dir='ltr'><strong>ad</strong></span> <span class='ocrx_word' id='word_1_446' title='bbox 2456 3931 2509 3974; x_wconf 90' lang='lat' dir='ltr'><strong>te.</strong></span> <span class='ocrx_word' id='word_1_447' title='bbox 2537 3922 2678 3974; x_wconf 86' lang='lat' dir='ltr'><strong>sicut</strong></span> <span class='ocrx_word' id='word_1_448' title='bbox 2711 3921 2800 3974; x_wconf 90' lang='lat' dir='ltr'><strong>illa</strong></span> <span class='ocrx_word' id='word_1_449' title='bbox 2844 3922 3102 3974; x_wconf 74' lang='lat' dir='ltr'><strong>meretrix</strong></span> <span class='ocrx_word' id='word_1_450' title='bbox 3130 3931 3156 3958; x_wconf 73' lang='grc' dir='ltr'><strong>ιι</strong></span> <span class='ocrx_word' id='word_1_451' title='bbox 3187 3938 3199 3974; x_wconf 89' lang='lat'><strong>:</strong></span> <span class='ocrx_word' id='word_1_452' title='bbox 3226 3919 3348 3974; x_wconf 68' lang='lat' dir='ltr'><strong>Tibi</strong></span> 
     </span>
    </p>
   </div>
   <div class='ocr_carea' id='block_1_82' title="bbox 1779 4012 3352 4084">
    <p class='ocr_par' dir='ltr' id='par_1_82' title="bbox 1779 4012 3352 4084">
     <span class='ocr_line' id='line_1_82' title="bbox 1779 4012 3352 4084; baseline -0.002 -16"><span class='ocrx_word' id='word_1_453' title='bbox 1779 4014 1938 4068; x_wconf 88' lang='lat' dir='ltr'><strong>solus</strong></span> <span class='ocrx_word' id='word_1_454' title='bbox 1987 4012 2244 4081; x_wconf 75' lang='lat' dir='ltr'><strong>peccavi;</strong></span> <span class='ocrx_word' id='word_1_455' title='bbox 2302 4013 2541 4081; x_wconf 75' lang='lat' dir='ltr'><strong>suscipe,</strong></span> <span class='ocrx_word' id='word_1_456' title='bbox 2577 4012 2853 4081; x_wconf 82' lang='lat' dir='ltr'><strong>Salvator,</strong></span> <span class='ocrx_word' id='word_1_457' title='bbox 2886 4025 2934 4068; x_wconf 87' lang='lat' dir='ltr'><strong>et</strong></span> <span class='ocrx_word' id='word_1_458' title='bbox 2973 4028 3125 4068; x_wconf 88' lang='lat' dir='ltr'><strong>meas</strong></span> <span class='ocrx_word' id='word_1_459' title='bbox 3176 4013 3352 4084; x_wconf 81' lang='lat' dir='ltr'><strong>lacry-</strong></span> 
     </span>
    </p>
   </div>
   <div class='ocr_carea' id='block_1_83' title="bbox 1783 4107 2430 4173">
    <p class='ocr_par' dir='ltr' id='par_1_83' title="bbox 1783 4107 2430 4173">
     <span class='ocr_line' id='line_1_83' title="bbox 1783 4107 2430 4173; baseline -0.006 -11"><span class='ocrx_word' id='word_1_460' title='bbox 1783 4122 1901 4162; x_wconf 89' lang='lat' dir='ltr'><strong>mas</strong></span> <span class='ocrx_word' id='word_1_461' title='bbox 1944 4108 2119 4160; x_wconf 88' lang='lat' dir='ltr'><strong>instar</strong></span> <span class='ocrx_word' id='word_1_462' title='bbox 2147 4107 2430 4173; x_wconf 79' lang='lat' dir='ltr'><strong>unguenti.</strong></span> 
     </span>
    </p>
   </div>
   <div class='ocr_carea' id='block_1_84' title="bbox 1859 4197 3355 4266">
    <p class='ocr_par' dir='ltr' id='par_1_84' title="bbox 1859 4197 3355 4266">
     <span class='ocr_line' id='line_1_84' title="bbox 1859 4197 3355 4266; baseline -0.005 -13"><span class='ocrx_word' id='word_1_463' title='bbox 1859 4198 1924 4253; x_wconf 88' lang='lat' dir='ltr'><strong>Ut</strong></span> <span class='ocrx_word' id='word_1_464' title='bbox 1971 4198 2140 4252; x_wconf 81' lang='lat' dir='ltr'><strong>David</strong></span> <span class='ocrx_word' id='word_1_465' title='bbox 2189 4197 2591 4252; x_wconf 84' lang='lat' dir='ltr'><strong>iueontiuentia</strong></span> <span class='ocrx_word' id='word_1_466' title='bbox 2621 4197 2918 4266; x_wconf 75' lang='lat' dir='ltr'><strong>prolapsus</strong></span> <span class='ocrx_word' id='word_1_467' title='bbox 2949 4210 3094 4252; x_wconf 86' lang='lat' dir='ltr'><strong>sum.</strong></span> <span class='ocrx_word' id='word_1_468' title='bbox 3139 4204 3192 4247; x_wconf 84' lang='lat' dir='ltr'><strong>et</strong></span> <span class='ocrx_word' id='word_1_469' title='bbox 3220 4210 3355 4246; x_wconf 88' lang='lat' dir='ltr'><strong>con-</strong></span> 
     </span>
    </p>
   </div>
   <div class='ocr_carea' id='block_1_85' title="bbox 1785 4286 3351 4360">
    <p class='ocr_par' dir='ltr' id='par_1_85' title="bbox 1785 4286 3351 4360">
     <span class='ocr_line' id='line_1_85' title="bbox 1785 4286 3351 4360; baseline -0.005 -14"><span class='ocrx_word' id='word_1_470' title='bbox 1785 4289 2080 4360; x_wconf 71' lang='lat' dir='ltr'><strong>sp&#39;urcaius</strong></span> <span class='ocrx_word' id='word_1_471' title='bbox 2110 4306 2171 4352; x_wconf 76' lang='grc' dir='ltr'><strong>ος</strong></span> <span class='ocrx_word' id='word_1_472' title='bbox 2218 4289 2311 4343; x_wconf 78' lang='lat' dir='ltr'><strong>sed</strong></span> <span class='ocrx_word' id='word_1_473' title='bbox 2344 4295 2398 4341; x_wconf 84' lang='lat' dir='ltr'><strong>et</strong></span> <span class='ocrx_word' id='word_1_474' title='bbox 2441 4303 2550 4346; x_wconf 89' lang='lat' dir='ltr'><strong>me.</strong></span> <span class='ocrx_word' id='word_1_475' title='bbox 2602 4288 2885 4345; x_wconf 79' lang='lat' dir='ltr'><strong>Salvator.</strong></span> <span class='ocrx_word' id='word_1_476' title='bbox 2926 4286 3040 4338; x_wconf 82' lang='lat' dir='ltr'><strong>lava</strong></span> <span class='ocrx_word' id='word_1_477' title='bbox 3076 4286 3351 4354; x_wconf 81' lang='lat' dir='ltr'><strong>lacrymis.</strong></span> 
     </span>
    </p>
   </div>
   <div class='ocr_carea' id='block_1_86' title="bbox 1858 4377 3349 4453">
    <p class='ocr_par' dir='ltr' id='par_1_86' title="bbox 1858 4377 3349 4453">
     <span class='ocr_line' id='line_1_86' title="bbox 1858 4377 3349 4453; baseline -0.005 -18"><span class='ocrx_word' id='word_1_478' title='bbox 1858 4382 2136 4453; x_wconf 79' lang='lat' dir='ltr'><strong>Propitius</strong></span> <span class='ocrx_word' id='word_1_479' title='bbox 2194 4393 2354 4442; x_wconf 83' lang='lat' dir='ltr'><strong>esto;</strong></span> <span class='ocrx_word' id='word_1_480' title='bbox 2403 4382 2582 4432; x_wconf 74' lang='lat' dir='ltr'><strong>clamo</strong></span> <span class='ocrx_word' id='word_1_481' title='bbox 2641 4380 2704 4431; x_wconf 86' lang='lat' dir='ltr'><strong>ad</strong></span> <span class='ocrx_word' id='word_1_482' title='bbox 2761 4387 2812 4430; x_wconf 83' lang='lat' dir='ltr'><strong>te</strong></span> <span class='ocrx_word' id='word_1_483' title='bbox 2867 4387 2925 4429; x_wconf 91' lang='lat' dir='ltr'><strong>ut</strong></span> <span class='ocrx_word' id='word_1_484' title='bbox 2968 4377 3349 4428; x_wconf 79' lang='lat' dir='ltr'><strong>Publii-anus:</strong></span> 
     </span>
    </p>
   </div>
   <div class='ocr_carea' id='block_1_87' title="bbox 94 4462 1678 4558">
    <p class='ocr_par' dir='ltr' id='par_1_87' title="bbox 94 4462 1678 4558">
     <span class='ocr_line' id='line_1_87' title="bbox 94 4462 1678 4558; baseline -0.002 -17"><span class='ocrx_word' id='word_1_485' title='bbox 94 4489 256 4556; x_wconf 71' lang='grc' dir='ltr'><strong>σηητί</strong></span> <span class='ocrx_word' id='word_1_486' title='bbox 280 4462 393 4558; x_wconf 56' lang='grc' dir='ltr'><strong>μοι.</strong></span> <span class='ocrx_word' id='word_1_487' title='bbox 419 4509 436 4539; x_wconf 77' lang='grc' dir='ltr'><strong>ι</strong></span> <span class='ocrx_word' id='word_1_488' title='bbox 465 4488 654 4551; x_wconf 81' lang='grc' dir='ltr'><strong>Οὐδεὶς</strong></span> <span class='ocrx_word' id='word_1_489' title='bbox 679 4488 787 4558; x_wconf 78' lang='grc' dir='ltr'><strong>γὰρ</strong></span> <span class='ocrx_word' id='word_1_490' title='bbox 808 4462 916 4540; x_wconf 73' lang='grc' dir='ltr'><strong>τῶν</strong></span> <span class='ocrx_word' id='word_1_491' title='bbox 947 4462 1003 4553; x_wconf 68' lang='grc' dir='ltr'><strong>ἐξ</strong></span> <span class='ocrx_word' id='word_1_492' title='bbox 1036 4488 1228 4558; x_wconf 71' lang='grc' dir='ltr'><strong>Ἀδὰμ,</strong></span> <span class='ocrx_word' id='word_1_493' title='bbox 1259 4489 1334 4550; x_wconf 84' lang='grc' dir='ltr'><strong>ὡς</strong></span> <span class='ocrx_word' id='word_1_494' title='bbox 1364 4462 1678 4557; x_wconf 54' lang='grc' dir='ltr'><strong>ὲγὼέὴμάρ-</strong></span> 
     </span>
    </p>
   </div>
   <div class='ocr_carea' id='block_1_88' title="bbox 1781 4462 3352 4558">
    <p class='ocr_par' dir='ltr' id='par_1_88' title="bbox 1788 4470 3352 4545">
     <span class='ocr_line' id='line_1_88' title="bbox 1788 4470 3352 4545; baseline -0.004 -18"><span class='ocrx_word' id='word_1_495' title='bbox 1788 4497 1806 4527; x_wconf 72' lang='grc' dir='ltr'>ι</span> <span class='ocrx_word' id='word_1_496' title='bbox 1856 4478 2120 4540; x_wconf 85' lang='lat' dir='ltr'><strong>Domine,</strong></span> <span class='ocrx_word' id='word_1_497' title='bbox 2165 4477 2435 4545; x_wconf 61' lang='lat' dir='ltr'><strong>propitius</strong></span> <span class='ocrx_word' id='word_1_498' title='bbox 2462 4484 2582 4529; x_wconf 88' lang='lat' dir='ltr'><strong>esto</strong></span> <span class='ocrx_word' id='word_1_499' title='bbox 2607 4475 2737 4526; x_wconf 89' lang='lat' dir='ltr'><strong>mihi</strong></span> <span class='ocrx_word' id='word_1_500' title='bbox 2774 4483 2877 4523; x_wconf 77' lang='grc' dir='ltr'><strong>ροει.</strong></span> <span class='ocrx_word' id='word_1_501' title='bbox 2925 4491 2941 4522; x_wconf 82' lang='grc' dir='ltr'><strong>ι</strong></span> <span class='ocrx_word' id='word_1_502' title='bbox 2990 4470 3160 4524; x_wconf 76' lang='lat' dir='ltr'><strong>Nemo</strong></span> <span class='ocrx_word' id='word_1_503' title='bbox 3208 4472 3352 4523; x_wconf 84' lang='lat' dir='ltr'><strong>enim</strong></span> 
     </span>
    </p>
   </div>
   <div class='ocr_carea' id='block_1_89' title="bbox 91 4579 703 4648">
    <p class='ocr_par' dir='ltr' id='par_1_89' title="bbox 91 4579 703 4648">
     <span class='ocr_line' id='line_1_89' title="bbox 91 4579 703 4648; baseline -0.008 -16"><span class='ocrx_word' id='word_1_504' title='bbox 91 4579 236 4648; x_wconf 83' lang='grc' dir='ltr'><strong>τηκέ</strong></span> <span class='ocrx_word' id='word_1_505' title='bbox 262 4595 368 4631; x_wconf 88' lang='grc' dir='ltr'><strong>σοι.</strong></span> <span class='ocrx_word' id='word_1_506' title='bbox 696 4617 703 4626; x_wconf 78' lang='grc'><strong>..</strong></span> 
     </span>
    </p>
   </div>
   <div class='ocr_carea' id='block_1_90' title="bbox 171 4669 1677 4740">
    <p class='ocr_par' dir='ltr' id='par_1_90' title="bbox 171 4669 1677 4740">
     <span class='ocr_line' id='line_1_90' title="bbox 171 4669 1677 4740; baseline 0 -18"><span class='ocrx_word' id='word_1_507' title='bbox 171 4671 244 4722; x_wconf 75' lang='grc' dir='ltr'><strong>Οὐ</strong></span> <span class='ocrx_word' id='word_1_508' title='bbox 275 4671 506 4740; x_wconf 73' lang='grc' dir='ltr'><strong>δάκρυα,</strong></span> <span class='ocrx_word' id='word_1_509' title='bbox 540 4669 660 4723; x_wconf 73' lang='grc' dir='ltr'><strong>οὐδὲ</strong></span> <span class='ocrx_word' id='word_1_510' title='bbox 713 4670 998 4738; x_wconf 71' lang='grc' dir='ltr'><strong>μετάνοιαν</strong></span> <span class='ocrx_word' id='word_1_511' title='bbox 1034 4669 1160 4739; x_wconf 80' lang='grc' dir='ltr'><strong>ἔχω,</strong></span> <span class='ocrx_word' id='word_1_512' title='bbox 1195 4670 1319 4724; x_wconf 75' lang='grc' dir='ltr'><strong>οὐδὲ</strong></span> <span class='ocrx_word' id='word_1_513' title='bbox 1351 4669 1642 4736; x_wconf 80' lang='grc' dir='ltr'><strong>κατάνυξιν</strong></span> <span class='ocrx_word' id='word_1_514' title='bbox 1666 4687 1677 4700; x_wconf 87' lang='grc'><strong>·</strong></span> 
     </span>
    </p>
   </div>
   <div class='ocr_carea' id='block_1_91' title="bbox 94 4750 1396 4830">
    <p class='ocr_par' dir='ltr' id='par_1_91' title="bbox 94 4750 1396 4830">
     <span class='ocr_line' id='line_1_91' title="bbox 94 4750 1396 4830; baseline 0 -17"><span class='ocrx_word' id='word_1_515' title='bbox 94 4759 264 4821; x_wconf 76' lang='grc' dir='ltr'><strong>αὐτός</strong></span> <span class='ocrx_word' id='word_1_516' title='bbox 296 4776 384 4829; x_wconf 91' lang='grc' dir='ltr'><strong>μοι</strong></span> <span class='ocrx_word' id='word_1_517' title='bbox 417 4750 611 4823; x_wconf 73' lang='grc' dir='ltr'><strong>ταῦτα,</strong></span> <span class='ocrx_word' id='word_1_518' title='bbox 649 4760 853 4830; x_wconf 79' lang='grc' dir='ltr'><strong>Σῶτερ,</strong></span> <span class='ocrx_word' id='word_1_519' title='bbox 872 4759 947 4821; x_wconf 85' lang='grc' dir='ltr'><strong>ὡς</strong></span> <span class='ocrx_word' id='word_1_520' title='bbox 969 4759 1100 4822; x_wconf 74' lang='grc' dir='ltr'><strong>Θεὸς</strong></span> <span class='ocrx_word' id='word_1_521' title='bbox 1130 4758 1396 4830; x_wconf 79' lang='grc' dir='ltr'><strong>δώρησαι.</strong></span> 
     </span>
    </p>
   </div>
   <div class='ocr_carea' id='block_1_92' title="bbox 171 4942 1680 5017">
    <p class='ocr_par' dir='ltr' id='par_1_92' title="bbox 171 4942 1680 5017">
     <span class='ocr_line' id='line_1_92' title="bbox 171 4942 1680 5017; baseline -0.001 -20"><span class='ocrx_word' id='word_1_522' title='bbox 171 4946 283 5014; x_wconf 79' lang='grc' dir='ltr'><strong>Τὴν</strong></span> <span class='ocrx_word' id='word_1_523' title='bbox 307 4944 482 5017; x_wconf 19' lang='grc' dir='ltr'><strong>,θύραν</strong></span> <span class='ocrx_word' id='word_1_524' title='bbox 515 4959 608 4996; x_wconf 90' lang='grc' dir='ltr'><strong>σου</strong></span> <span class='ocrx_word' id='word_1_525' title='bbox 642 4942 716 5012; x_wconf 81' lang='grc' dir='ltr'><strong>μὴ</strong></span> <span class='ocrx_word' id='word_1_526' title='bbox 750 4942 1084 5014; x_wconf 80' lang='grc' dir='ltr'><strong>ἀποκλείσῃς</strong></span> <span class='ocrx_word' id='word_1_527' title='bbox 1113 4960 1201 5013; x_wconf 90' lang='grc' dir='ltr'><strong>μοι</strong></span> <span class='ocrx_word' id='word_1_528' title='bbox 1235 4943 1356 5014; x_wconf 76' lang='grc' dir='ltr'><strong>τότε</strong></span> <span class='ocrx_word' id='word_1_529' title='bbox 1378 4959 1392 4974; x_wconf 77' lang='grc' dir='ltr'><strong><em>ο</em></strong></span> <span class='ocrx_word' id='word_1_530' title='bbox 1431 4961 1449 4994; x_wconf 78' lang='grc' dir='ltr'><strong>ι</strong></span> <span class='ocrx_word' id='word_1_531' title='bbox 1485 4943 1680 5015; x_wconf 79' lang='grc' dir='ltr'><strong>Κύριε,</strong></span> 
     </span>
    </p>
   </div>
   <div class='ocr_carea' id='block_1_93' title="bbox 102 5030 1489 5123">
    <p class='ocr_par' dir='ltr' id='par_1_93' title="bbox 102 5030 1489 5123">
     <span class='ocr_line' id='line_1_93' title="bbox 102 5030 1489 5123; baseline 0 -36"><span class='ocrx_word' id='word_1_532' title='bbox 102 5038 307 5104; x_wconf 80' lang='grc' dir='ltr'><strong>Κύριε·</strong></span> <span class='ocrx_word' id='word_1_533' title='bbox 343 5055 359 5084; x_wconf 81' lang='grc' dir='ltr'><strong>ι</strong></span> <span class='ocrx_word' id='word_1_534' title='bbox 398 5033 511 5085; x_wconf 79' lang='grc' dir='ltr'><strong>ἀλλ’</strong></span> <span class='ocrx_word' id='word_1_535' title='bbox 536 5030 744 5094; x_wconf 82' lang='grc' dir='ltr'><strong>ἀνοιξόν</strong></span> <span class='ocrx_word' id='word_1_536' title='bbox 787 5051 875 5102; x_wconf 90' lang='grc' dir='ltr'><strong>μοι</strong></span> <span class='ocrx_word' id='word_1_537' title='bbox 904 5033 1075 5102; x_wconf 83' lang='grc' dir='ltr'><strong>αὐτὴν</strong></span> <span class='ocrx_word' id='word_1_538' title='bbox 1119 5033 1489 5123; x_wconf 54' lang='grc' dir='ltr'><strong>μξτανοοῠντι.</strong></span> 
     </span>
    </p>
   </div>
   <div class='ocr_carea' id='block_1_94' title="bbox 171 5125 1679 5198">
    <p class='ocr_par' dir='ltr' id='par_1_94' title="bbox 171 5125 1679 5198">
     <span class='ocr_line' id='line_1_94' title="bbox 171 5125 1679 5198; baseline -0.001 -18"><span class='ocrx_word' id='word_1_539' title='bbox 171 5128 561 5198; x_wconf 76' lang='grc' dir='ltr'><strong>Φιλάνορωπε,</strong></span> <span class='ocrx_word' id='word_1_540' title='bbox 600 5148 618 5180; x_wconf 79' lang='grc' dir='ltr'><strong>ι</strong></span> <span class='ocrx_word' id='word_1_541' title='bbox 666 5129 695 5181; x_wconf 84' lang='grc' dir='ltr'><strong>ό</strong></span> <span class='ocrx_word' id='word_1_542' title='bbox 745 5128 954 5188; x_wconf 78' lang='grc' dir='ltr'><strong>πάντας</strong></span> <span class='ocrx_word' id='word_1_543' title='bbox 998 5125 1169 5178; x_wconf 77' lang='grc' dir='ltr'><strong>Θέλιυν</strong></span> <span class='ocrx_word' id='word_1_544' title='bbox 1219 5126 1495 5194; x_wconf 82' lang='grc' dir='ltr'><strong>σωθῆναι,</strong></span> <span class='ocrx_word' id='word_1_545' title='bbox 1543 5146 1560 5176; x_wconf 79' lang='grc' dir='ltr'><strong>ι</strong></span> <span class='ocrx_word' id='word_1_546' title='bbox 1615 5128 1679 5179; x_wconf 83' lang='grc' dir='ltr'><strong>σὺ</strong></span> 
     </span>
    </p>
   </div>
   <div class='ocr_carea' id='block_1_95' title="bbox 101 5215 1679 5290">
    <p class='ocr_par' dir='ltr' id='par_1_95' title="bbox 101 5215 1679 5290">
     <span class='ocr_line' id='line_1_95' title="bbox 101 5215 1679 5290; baseline -0.004 -14"><span class='ocrx_word' id='word_1_547' title='bbox 101 5220 440 5276; x_wconf 69' lang='grc' dir='ltr'><strong>ἀνακάλεσαι</strong></span> <span class='ocrx_word' id='word_1_548' title='bbox 474 5237 564 5290; x_wconf 83' lang='grc' dir='ltr'><strong>με,</strong></span> <span class='ocrx_word' id='word_1_549' title='bbox 591 5221 680 5273; x_wconf 58' lang='grc' dir='ltr'><strong>καὶ⁵</strong></span> <span class='ocrx_word' id='word_1_550' title='bbox 709 5218 855 5283; x_wconf 77' lang='grc' dir='ltr'><strong>δέξαι</strong></span> <span class='ocrx_word' id='word_1_551' title='bbox 876 5219 952 5282; x_wconf 84' lang='grc' dir='ltr'><strong>ὡς</strong></span> <span class='ocrx_word' id='word_1_552' title='bbox 974 5216 1174 5285; x_wconf 75' lang='grc' dir='ltr'><strong>ἀγαθὸς</strong></span> <span class='ocrx_word' id='word_1_553' title='bbox 1200 5215 1565 5286; x_wconf 77' lang='grc' dir='ltr'><strong>μετανοοῦντά</strong></span> <span class='ocrx_word' id='word_1_554' title='bbox 1591 5234 1679 5287; x_wconf 85' lang='grc' dir='ltr'><strong>με.</strong></span> 
     </span>
    </p>
   </div>
   <div class='ocr_carea' id='block_1_96' title="bbox 179 5394 1353 5458">
    <p class='ocr_par' dir='ltr' id='par_1_96' title="bbox 179 5394 1353 5458">
     <span class='ocr_line' id='line_1_96' title="bbox 179 5394 1353 5458; baseline -0.004 -7"><span class='ocrx_word' id='word_1_555' title='bbox 179 5401 201 5438; x_wconf 71' lang='grc' dir='ltr'>ι</span> <span class='ocrx_word' id='word_1_556' title='bbox 245 5397 384 5451; x_wconf 88' lang='lat' dir='ltr'><strong>Gen.</strong></span> <span class='ocrx_word' id='word_1_557' title='bbox 429 5414 513 5458; x_wconf 89' lang='grc' dir='ltr'><strong>ιιι,</strong></span> <span class='ocrx_word' id='word_1_558' title='bbox 561 5398 653 5451; x_wconf 73' lang='grc'><strong>21.</strong></span> <span class='ocrx_word' id='word_1_559' title='bbox 771 5394 966 5450; x_wconf 70' lang='lat' dir='ltr'><strong>‘Psal.</strong></span> <span class='ocrx_word' id='word_1_560' title='bbox 1021 5410 1248 5458; x_wconf 73' lang='lat' dir='ltr'><strong>cuvm,</strong></span> <span class='ocrx_word' id='word_1_561' title='bbox 1301 5396 1353 5450; x_wconf 79' lang='lat'><strong>3.</strong></span> 
     </span>
    </p>
   </div>
   <div class='ocr_carea' id='block_1_97' title="bbox 1467 5391 1931 5457">
    <p class='ocr_par' dir='ltr' id='par_1_97' title="bbox 1467 5391 1931 5457">
     <span class='ocr_line' id='line_1_97' title="bbox 1467 5391 1931 5457; baseline 0 -10"><span class='ocrx_word' id='word_1_562' title='bbox 1467 5404 1503 5425; x_wconf 83' lang='lat'><strong>&quot;</strong></span> <span class='ocrx_word' id='word_1_563' title='bbox 1545 5394 1675 5448; x_wconf 82' lang='lat' dir='ltr'><strong>Luc.</strong></span> <span class='ocrx_word' id='word_1_564' title='bbox 1729 5409 1829 5457; x_wconf 72' lang='lat' dir='ltr'><strong>xv,</strong></span> <span class='ocrx_word' id='word_1_565' title='bbox 1881 5391 1931 5447; x_wconf 91' lang='lat'><strong>8.</strong></span> 
     </span>
    </p>
   </div>
   <div class='ocr_carea' id='block_1_98' title="bbox 102 5464 1749 5541">
    <p class='ocr_par' dir='ltr' id='par_1_98' title="bbox 102 5464 1749 5541">
     <span class='ocr_line' id='line_1_98' title="bbox 102 5464 1749 5541; baseline -0.004 -18"><span class='ocrx_word' id='word_1_566' title='bbox 102 5481 193 5523; x_wconf 70' lang='grc' dir='ltr'><strong>νος</strong></span> <span class='ocrx_word' id='word_1_567' title='bbox 226 5469 357 5522; x_wconf 82' lang='lat' dir='ltr'><strong>Luc.</strong></span> <span class='ocrx_word' id='word_1_568' title='bbox 397 5485 549 5532; x_wconf 73' lang='lat' dir='ltr'><strong>SVIII,</strong></span> <span class='ocrx_word' id='word_1_569' title='bbox 579 5469 665 5522; x_wconf 70' lang='grc'><strong>15.</strong></span> <span class='ocrx_word' id='word_1_570' title='bbox 746 5477 765 5504; x_wconf 83' lang='grc' dir='ltr'><strong>ι’</strong></span> <span class='ocrx_word' id='word_1_571' title='bbox 797 5466 986 5520; x_wconf 75' lang='lat' dir='ltr'><strong>Matth.</strong></span> <span class='ocrx_word' id='word_1_572' title='bbox 1020 5482 1146 5530; x_wconf 80' lang='lat' dir='ltr'><strong>xxv,</strong></span> <span class='ocrx_word' id='word_1_573' title='bbox 1171 5467 1255 5541; x_wconf 72' lang='lat' dir='ltr'><strong>ll.</strong></span> <span class='ocrx_word' id='word_1_574' title='bbox 1327 5469 1348 5495; x_wconf 85' lang='lat'>&#39;</span> <span class='ocrx_word' id='word_1_575' title='bbox 1381 5465 1398 5519; x_wconf 93' lang='grc' dir='ltr'><strong>Ι</strong></span> <span class='ocrx_word' id='word_1_576' title='bbox 1432 5465 1569 5519; x_wconf 86' lang='lat' dir='ltr'><strong>Tim.</strong></span> <span class='ocrx_word' id='word_1_577' title='bbox 1606 5481 1663 5527; x_wconf 91' lang='grc' dir='ltr'><strong>ιι,</strong></span> <span class='ocrx_word' id='word_1_578' title='bbox 1696 5464 1749 5518; x_wconf 73' lang='grc'><strong>4.</strong></span> 
     </span>
    </p>
   </div>
   <div class='ocr_carea' id='block_1_99' title="bbox 1786 4563 3079 4632">
    <p class='ocr_par' dir='ltr' id='par_1_99' title="bbox 1786 4563 3079 4632">
     <span class='ocr_line' id='line_1_99' title="bbox 1786 4563 3079 4632; baseline -0.007 -8"><span class='ocrx_word' id='word_1_579' title='bbox 1786 4578 1947 4624; x_wconf 84' lang='lat' dir='ltr'><strong>natus</strong></span> <span class='ocrx_word' id='word_1_580' title='bbox 1979 4587 2043 4623; x_wconf 80' lang='lat' dir='ltr'><strong>ex</strong></span> <span class='ocrx_word' id='word_1_581' title='bbox 2088 4569 2277 4628; x_wconf 79' lang='lat' dir='ltr'><strong>Adam.</strong></span> <span class='ocrx_word' id='word_1_582' title='bbox 2315 4569 2387 4618; x_wconf 85' lang='lat' dir='ltr'><strong>ita</strong></span> <span class='ocrx_word' id='word_1_583' title='bbox 2424 4576 2481 4618; x_wconf 92' lang='lat' dir='ltr'><strong>ut</strong></span> <span class='ocrx_word' id='word_1_584' title='bbox 2513 4580 2641 4632; x_wconf 83' lang='lat' dir='ltr'><strong>ego,</strong></span> <span class='ocrx_word' id='word_1_585' title='bbox 2681 4563 2773 4616; x_wconf 90' lang='lat' dir='ltr'><strong>tibi</strong></span> <span class='ocrx_word' id='word_1_586' title='bbox 2812 4563 3079 4631; x_wconf 88' lang='lat' dir='ltr'><strong>peccavit.</strong></span> 
     </span>
    </p>
   </div>
   <div class='ocr_carea' id='block_1_100' title="bbox 1799 4657 3357 4731">
    <p class='ocr_par' dir='ltr' id='par_1_100' title="bbox 1799 4657 3357 4731">
     <span class='ocr_line' id='line_1_100' title="bbox 1799 4657 3357 4731; baseline -0.008 -15"><span class='ocrx_word' id='word_1_587' title='bbox 1799 4712 1804 4716; x_wconf 94' lang='lat'><strong>.</strong></span> <span class='ocrx_word' id='word_1_588' title='bbox 1858 4664 2061 4715; x_wconf 66' lang='lat' dir='ltr'><strong>Desunt</strong></span> <span class='ocrx_word' id='word_1_589' title='bbox 2089 4663 2340 4731; x_wconf 75' lang='lat' dir='ltr'><strong>Iacryma:</strong></span> <span class='ocrx_word' id='word_1_590' title='bbox 2370 4677 2384 4724; x_wconf 93' lang='lat'><strong>;</strong></span> <span class='ocrx_word' id='word_1_591' title='bbox 2419 4673 2525 4712; x_wconf 91' lang='lat' dir='ltr'><strong>non</strong></span> <span class='ocrx_word' id='word_1_592' title='bbox 2555 4667 2638 4712; x_wconf 90' lang='lat' dir='ltr'><strong>est</strong></span> <span class='ocrx_word' id='word_1_593' title='bbox 2674 4657 3020 4725; x_wconf 74' lang='lat' dir='ltr'><strong>ptenitentia,</strong></span> <span class='ocrx_word' id='word_1_594' title='bbox 3061 4671 3168 4706; x_wconf 89' lang='lat' dir='ltr'><strong>non</strong></span> <span class='ocrx_word' id='word_1_595' title='bbox 3205 4669 3357 4706; x_wconf 89' lang='lat' dir='ltr'><strong>com-</strong></span> 
     </span>
    </p>
   </div>
   <div class='ocr_carea' id='block_1_101' title="bbox 1785 4747 3356 4821">
    <p class='ocr_par' dir='ltr' id='par_1_101' title="bbox 1785 4747 3356 4821">
     <span class='ocr_line' id='line_1_101' title="bbox 1785 4747 3356 4821; baseline -0.006 -15"><span class='ocrx_word' id='word_1_596' title='bbox 1785 4756 2006 4821; x_wconf 81' lang='lat' dir='ltr'><strong>puuctio</strong></span> <span class='ocrx_word' id='word_1_597' title='bbox 2034 4771 2049 4819; x_wconf 81' lang='lat'>;</span> <span class='ocrx_word' id='word_1_598' title='bbox 2081 4762 2139 4806; x_wconf 88' lang='lat' dir='ltr'><strong>tu</strong></span> <span class='ocrx_word' id='word_1_599' title='bbox 2171 4753 2302 4806; x_wconf 88' lang='lat' dir='ltr'><strong>mihi</strong></span> <span class='ocrx_word' id='word_1_600' title='bbox 2336 4752 2473 4812; x_wconf 72' lang='lat' dir='ltr'><strong>haec,</strong></span> <span class='ocrx_word' id='word_1_601' title='bbox 2508 4751 2776 4809; x_wconf 84' lang='lat' dir='ltr'><strong>Salvator.</strong></span> <span class='ocrx_word' id='word_1_602' title='bbox 2805 4749 2897 4816; x_wconf 89' lang='lat' dir='ltr'><strong>qui</strong></span> <span class='ocrx_word' id='word_1_603' title='bbox 2943 4747 3086 4800; x_wconf 85' lang='lat' dir='ltr'><strong>Deus</strong></span> <span class='ocrx_word' id='word_1_604' title='bbox 3119 4748 3219 4805; x_wconf 80' lang='lat' dir='ltr'><strong>sis.</strong></span> <span class='ocrx_word' id='word_1_605' title='bbox 3247 4748 3356 4797; x_wconf 82' lang='lat' dir='ltr'><strong>lar-</strong></span> 
     </span>
    </p>
   </div>
   <div class='ocr_carea' id='block_1_102' title="bbox 1786 4847 1920 4917">
    <p class='ocr_par' dir='ltr' id='par_1_102' title="bbox 1786 4847 1920 4917">
     <span class='ocr_line' id='line_1_102' title="bbox 1786 4847 1920 4917; baseline 0.007 -19"><span class='ocrx_word' id='word_1_606' title='bbox 1786 4847 1920 4917; x_wconf 77' lang='lat' dir='ltr'><strong>girt‘.</strong></span> 
     </span>
    </p>
   </div>
   <div class='ocr_carea' id='block_1_103' title="bbox 1860 4924 3355 5001">
    <p class='ocr_par' dir='ltr' id='par_1_103' title="bbox 1860 4924 3355 5001">
     <span class='ocr_line' id='line_1_103' title="bbox 1860 4924 3355 5001; baseline -0.007 -13"><span class='ocrx_word' id='word_1_607' title='bbox 1860 4935 1935 4990; x_wconf 82' lang='lat' dir='ltr'><strong>Ne</strong></span> <span class='ocrx_word' id='word_1_608' title='bbox 1967 4949 2094 4988; x_wconf 82' lang='lat' dir='ltr'><strong>tunc</strong></span> <span class='ocrx_word' id='word_1_609' title='bbox 2121 4934 2250 4985; x_wconf 86' lang='lat' dir='ltr'><strong>mihi</strong></span> <span class='ocrx_word' id='word_1_610' title='bbox 2281 4942 2487 5001; x_wconf 82' lang='lat' dir='ltr'><strong>portam</strong></span> <span class='ocrx_word' id='word_1_611' title='bbox 2512 4937 2658 4983; x_wconf 90' lang='lat' dir='ltr'><strong>tuam</strong></span> <span class='ocrx_word' id='word_1_612' title='bbox 2696 4927 2961 4982; x_wconf 84' lang='lat' dir='ltr'><strong>clauseris</strong></span> <span class='ocrx_word' id='word_1_613' title='bbox 2995 4945 3008 4979; x_wconf 91' lang='lat'><strong>:</strong></span> <span class='ocrx_word' id='word_1_614' title='bbox 3047 4944 3064 4976; x_wconf 78' lang='grc' dir='ltr'><strong>ι</strong></span> <span class='ocrx_word' id='word_1_615' title='bbox 3105 4924 3355 4988; x_wconf 88' lang='lat' dir='ltr'><strong>Domine,</strong></span> 
     </span>
    </p>
   </div>
   <div class='ocr_carea' id='block_1_104' title="bbox 1793 5020 3158 5093">
    <p class='ocr_par' dir='ltr' id='par_1_104' title="bbox 1793 5020 3158 5093">
     <span class='ocr_line' id='line_1_104' title="bbox 1793 5020 3158 5093; baseline -0.007 -13"><span class='ocrx_word' id='word_1_616' title='bbox 1793 5027 2025 5081; x_wconf 84' lang='lat' dir='ltr'><strong>Domine</strong></span> <span class='ocrx_word' id='word_1_617' title='bbox 2062 5036 2082 5063; x_wconf 82' lang='grc' dir='ltr'><strong>ι’</strong></span> <span class='ocrx_word' id='word_1_618' title='bbox 2116 5043 2129 5091; x_wconf 87' lang='lat'><strong>;</strong></span> <span class='ocrx_word' id='word_1_619' title='bbox 2171 5045 2188 5076; x_wconf 84' lang='grc' dir='ltr'><strong>ι</strong></span> <span class='ocrx_word' id='word_1_620' title='bbox 2226 5026 2316 5079; x_wconf 81' lang='lat' dir='ltr'><strong>sed</strong></span> <span class='ocrx_word' id='word_1_621' title='bbox 2347 5022 2635 5093; x_wconf 73' lang='lat' dir='ltr'><strong>pmuitenti</strong></span> <span class='ocrx_word' id='word_1_622' title='bbox 2665 5035 2782 5074; x_wconf 86' lang='lat' dir='ltr'><strong>eam</strong></span> <span class='ocrx_word' id='word_1_623' title='bbox 2816 5021 2948 5074; x_wconf 90' lang='lat' dir='ltr'><strong>mihi</strong></span> <span class='ocrx_word' id='word_1_624' title='bbox 2986 5020 3158 5088; x_wconf 85' lang='lat' dir='ltr'><strong>aperi.</strong></span> 
     </span>
    </p>
   </div>
   <div class='ocr_carea' id='block_1_105' title="bbox 1861 5112 3360 5185">
    <p class='ocr_par' dir='ltr' id='par_1_105' title="bbox 1861 5112 3360 5185">
     <span class='ocr_line' id='line_1_105' title="bbox 1861 5112 3360 5185; baseline -0.005 -15"><span class='ocrx_word' id='word_1_625' title='bbox 1861 5119 1939 5172; x_wconf 86' lang='lat' dir='ltr'><strong>Tu</strong></span> <span class='ocrx_word' id='word_1_626' title='bbox 1979 5120 2242 5182; x_wconf 86' lang='lat' dir='ltr'><strong>clemens,</strong></span> <span class='ocrx_word' id='word_1_627' title='bbox 2281 5135 2298 5168; x_wconf 86' lang='grc' dir='ltr'><strong>ι</strong></span> <span class='ocrx_word' id='word_1_628' title='bbox 2333 5117 2425 5185; x_wconf 89' lang='lat' dir='ltr'><strong>qui</strong></span> <span class='ocrx_word' id='word_1_629' title='bbox 2454 5115 2535 5169; x_wconf 80' lang='lat' dir='ltr'><strong>vis</strong></span> <span class='ocrx_word' id='word_1_630' title='bbox 2562 5129 2755 5167; x_wconf 76' lang='lat' dir='ltr'><strong>omnes</strong></span> <span class='ocrx_word' id='word_1_631' title='bbox 2782 5113 2964 5166; x_wconf 84' lang='lat' dir='ltr'><strong>salvos</strong></span> <span class='ocrx_word' id='word_1_632' title='bbox 3001 5112 3113 5166; x_wconf 88' lang='lat' dir='ltr'><strong>lieri</strong></span> <span class='ocrx_word' id='word_1_633' title='bbox 3141 5121 3186 5174; x_wconf 77' lang='grc' dir='ltr'><strong>ι,</strong></span> <span class='ocrx_word' id='word_1_634' title='bbox 3221 5129 3238 5160; x_wconf 81' lang='grc' dir='ltr'><strong>ι</strong></span> <span class='ocrx_word' id='word_1_635' title='bbox 3276 5125 3360 5163; x_wconf 88' lang='lat' dir='ltr'><strong>me</strong></span> 
     </span>
    </p>
   </div>
   <div class='ocr_carea' id='block_1_106' title="bbox 1790 5205 3281 5279">
    <p class='ocr_par' dir='ltr' id='par_1_106' title="bbox 1790 5205 3281 5279">
     <span class='ocr_line' id='line_1_106' title="bbox 1790 5205 3281 5279; baseline -0.01 -11"><span class='ocrx_word' id='word_1_636' title='bbox 1790 5214 2034 5276; x_wconf 80' lang='lat' dir='ltr'><strong>iustaura</strong></span> <span class='ocrx_word' id='word_1_637' title='bbox 2064 5226 2079 5274; x_wconf 86' lang='lat'><strong>;</strong></span> <span class='ocrx_word' id='word_1_638' title='bbox 2120 5217 2284 5279; x_wconf 84' lang='lat' dir='ltr'><strong>atque</strong></span> <span class='ocrx_word' id='word_1_639' title='bbox 2315 5216 2373 5261; x_wconf 89' lang='lat' dir='ltr'><strong>ut</strong></span> <span class='ocrx_word' id='word_1_640' title='bbox 2408 5207 2606 5268; x_wconf 84' lang='lat' dir='ltr'><strong>bonus,</strong></span> <span class='ocrx_word' id='word_1_641' title='bbox 2652 5206 3008 5277; x_wconf 74' lang='lat' dir='ltr'><strong>ptenitentem</strong></span> <span class='ocrx_word' id='word_1_642' title='bbox 3041 5205 3281 5273; x_wconf 80' lang='lat' dir='ltr'><strong>suscipe.</strong></span> 
     </span>
    </p>
   </div>
   <div class='ocr_carea' id='block_1_107' title="bbox 2049 5383 3337 5457">
    <p class='ocr_par' dir='ltr' id='par_1_107' title="bbox 2049 5383 3337 5457">
     <span class='ocr_line' id='line_1_107' title="bbox 2049 5383 3337 5457; baseline -0.003 -15"><span class='ocrx_word' id='word_1_643' title='bbox 2049 5400 2075 5426; x_wconf 71' lang='grc' dir='ltr'><strong><em>η</em></strong></span> <span class='ocrx_word' id='word_1_644' title='bbox 2111 5387 2240 5443; x_wconf 83' lang='lat' dir='ltr'><strong>Luc.</strong></span> <span class='ocrx_word' id='word_1_645' title='bbox 2284 5405 2379 5452; x_wconf 88' lang='lat' dir='ltr'><strong>vu,</strong></span> <span class='ocrx_word' id='word_1_646' title='bbox 2434 5387 2501 5442; x_wconf 76' lang='lat'><strong>57</strong></span> <span class='ocrx_word' id='word_1_647' title='bbox 2549 5403 2705 5457; x_wconf 82' lang='lat' dir='ltr'><strong>seqq.</strong></span> <span class='ocrx_word' id='word_1_648' title='bbox 2821 5393 2847 5421; x_wconf 91' lang='lat'><strong>°</strong></span> <span class='ocrx_word' id='word_1_649' title='bbox 2877 5384 2920 5440; x_wconf 89' lang='lat' dir='ltr'><strong>ll</strong></span> <span class='ocrx_word' id='word_1_650' title='bbox 2963 5383 3098 5456; x_wconf 84' lang='lat' dir='ltr'><strong>Reg.</strong></span> <span class='ocrx_word' id='word_1_651' title='bbox 3153 5403 3233 5449; x_wconf 84' lang='grc' dir='ltr'><strong>ιιι,</strong></span> <span class='ocrx_word' id='word_1_652' title='bbox 3289 5386 3337 5439; x_wconf 69' lang='grc'><strong>4.</strong></span> 
     </span>
    </p>
   </div>
   <div class='ocr_carea' id='block_1_108' title="bbox 1407 5649 2075 5709">
    <p class='ocr_par' dir='ltr' id='par_1_108' title="bbox 1407 5649 2075 5709">
     <span class='ocr_line' id='line_1_108' title="bbox 1407 5649 2075 5709; baseline -0.004 -2"><span class='ocrx_word' id='word_1_653' title='bbox 1407 5651 1643 5709; x_wconf 65' lang='grc' dir='ltr'><strong>ΥᾹΠΙΑΕ</strong></span> <span class='ocrx_word' id='word_1_654' title='bbox 1673 5649 2075 5707; x_wconf 67' lang='lat' dir='ltr'><strong>LECTIONES.</strong></span> 
     </span>
    </p>
   </div>
   <div class='ocr_carea' id='block_1_109' title="bbox 172 5745 1429 5822">
    <p class='ocr_par' dir='ltr' id='par_1_109' title="bbox 172 5745 1429 5822">
     <span class='ocr_line' id='line_1_109' title="bbox 172 5745 1429 5822; baseline -0.001 -21"><span class='ocrx_word' id='word_1_655' title='bbox 172 5747 193 5777; x_wconf 76' lang='grc'>⁸</span> <span class='ocrx_word' id='word_1_656' title='bbox 223 5747 361 5822; x_wconf 59' lang='grc' dir='ltr'><strong>ιζῑλ.</strong></span> <span class='ocrx_word' id='word_1_657' title='bbox 389 5747 664 5820; x_wconf 77' lang='grc' dir='ltr'><strong>ἀχθηδόνι.</strong></span> <span class='ocrx_word' id='word_1_658' title='bbox 777 5749 797 5779; x_wconf 82' lang='grc'>⁸</span> <span class='ocrx_word' id='word_1_659' title='bbox 822 5746 959 5801; x_wconf 69' lang='lat'><strong>(1.1.2.</strong></span> <span class='ocrx_word' id='word_1_660' title='bbox 992 5748 1058 5817; x_wconf 82' lang='grc' dir='ltr'><strong>τῇ</strong></span> <span class='ocrx_word' id='word_1_661' title='bbox 1091 5745 1359 5818; x_wconf 60' lang='grc' dir='ltr'><strong>ἀμορφία.</strong></span> <span class='ocrx_word' id='word_1_662' title='bbox 1421 5773 1429 5781; x_wconf 67' lang='grc' dir='ltr'><strong>ε</strong></span> 
     </span>
    </p>
   </div>
  </div>
