4124 6450
143 425 262 491 1341

1433 453 1747 515 MAGNUS
1781 458 2050 519 CANON.

3237 471 3370 536 i342

135 539 236 654 ζῶν
284 546 517 654 καρδίας,
550 566 568 599 ι
599 550 692 603 καὶ
723 551 967 620 βολάςων
988 556 1008 586 ⁸
1032 555 1271 620 ἐννοίας’
1306 560 1542 630 ἐλέγχων
1567 566 1689 632 πρά·

1805 575 1928 624 tans
1942 573 2101 626 corda
2140 589 2184 636 ι,
2199 592 2216 622 ι
2232 575 2645 641 ctcogitationes
2660 581 2954 648 explorans
2980 582 3112 653 (55).,
3129 601 3367 654 arguens

135 629 260 693 ξεις,
292 635 386 685 καὶ
422 636 692 704 φλογίξων
734 641 1036 713 ἁμαρτίας,
1071 647 1164 699 καὶ
1198 648 1396 716 κρίνων
1423 629 1657 721 ὀρφανδν
1680 695 1694 716 ,

132 721 222 770 καὶ
255 724 511 778 ταπεινὸν
540 728 633 779 καὶ
659 731 895 799 πτωχόν.

744 823 859 891 Τῆς
891 827 1085 892 ὁσίας.

198 903 491 972 Ἥπλωσας
517 913 703 982 χεῖράς
735 931 850 980 σου,
895 919 1033 988 πρὸς
1073 918 1163 971 τὸν
1195 921 1512 992 οἰκτίρμονα
1541 925 1696 987 Θεὸν,

128 997 405 1067 Μαρία,ὲν
425 1002 646 1073 ἀϐύσσῳ
678 1006 861 1059 κακῶν
892 1007 1218 1080 βυθιζομένη
1241 1029 1254 1043 ’
1281 1015 1372 1066 καὶ
1393 1015 1468 1078 ὡς
1491 1015 1568 1086 τῷ
1594 998 1698 1069 [ιέ-

126 1103 236 1180 τρῳ
256 1089 653 1180 φιλανθρώπως
689 1099 845 1166 χεῖρα
878 1097 1128 1168 βοηθείας
1154 1103 1388 1168 ἐξέτεινε
1420 1145 1434 1169 ,
1464 1107 1564 1176 τὴν
1601 1110 1698 1180 σὴν

126 1179 457 1250 ἐπιστροφὴν
494 1182 626 1246 Θεὸς
662 1186 878 1250 πάντως
900 1186 1100 1257 ζητῶν.

98 1383 100 1422 ς
194 1359 329 1431 Ὅλῃ
361 1363 659 1445 προθυμία,
711 1368 859 1437 πόθῳ
911 1372 1291 1442 προσέδραμες
1331 1377 1571 1447 Χριστῷ,
1598 1380 1695 1448 τὴν

122 1451 247 1520 πρὶν
273 1451 374 1520 τῆς
395 1455 667 1524 ἁμαρτίας
695 1459 811 1511 ὁδὸν
837 1462 1249 1532 ἀποστραφεῖσα
1270 1484 1281 1496 ο
1321 1469 1414 1519 καὶ
1461 1471 1520 1520 ὲν
1566 1471 1694 1539 ὲρή-

122 1558 240 1609 μοις
272 1545 391 1605 ταῖς
425 1545 650 1610 ἁὸάτοις
676 1551 1013 1620 τρεφομένη,
1061 1555 1156 1607 καὶ
1197 1556 1386 1608 τούτου
1436 1558 1694 1630 καθαρῶς

116 1631 342 1684 τελοῦσα
373 1633 522 1699 θείας
545 1639 783 1702 ἐντολάς.

767 1731 817 1785 Ἀ
825 1733 1038 1799 rapi-50v
1047 1775 1059 1788 .

187 1811 440 1882 Ἰδώμεν,
477 1816 672 1886 ἴδωμεν
703 1821 1136 1892 φιλανθρωπίαν,
1167 1819 1212 1878 ὦ
1242 1827 1410 1896 ψυχὴ,
1441 1828 1533 1880 τοῦ
1556 1829 1691 1883 Θεοῦ

1803 660 2068 726 actiones,
2098 672 2151 714 et
2181 677 2410 733 peccata
2442 683 2717 736 exurens;
2753 673 3040 741 pupillum,
3083 660 3369 728 humilem;-

1802 765 1906 818 quc
1935 760 1988 804 et
2020 768 2312 823 pauperem
2345 757 2622 825 judicans.

2432 848 2507 902 De
2526 867 2730 905 sancta.

1873 931 2195 1000 Expandisti
2233 951 2426 994 manus
2462 951 2584 996 tuas
2617 943 2684 995 ad
2723 943 3137 998 misericordem
3173 945 3362 1006 Deum,

1800 1033 1832 1071 ο
1860 1019 2025 1072 Maria
2053 1062 2067 1086 ,
2125 1023 2175 1076 in
2219 1026 2485 1094 profunda
2524 1032 2791 1084 malorum
2827 1032 3023 1102 abysso
3067 1033 3315 1087 demersa
3349 1052 3360 1086 :

1801 1107 2045 1178 ipseque,
2087 1113 2235 1168 velut
2269 1117 2397 1168 olim
2430 1117 2591 1172 Petro
2616 1128 2637 1154 ι
2663 1157 2677 1179 ,
2713 1123 3109 1175 auxiliatricem
3144 1137 3363 1174 manum

1798 1197 2094 1253 clementer
2145 1205 2432 1268 extendit,
2469 1213 2617 1258 tuam
2668 1207 2809 1261 Deus
2855 1209 3082 1262 omnino
3137 1225 3366 1263 conver-

1739 1319 1741 1321 ι
1798 1289 2004 1343 sionem
2035 1308 2307 1359 qumrens.

1869 1379 2002 1434 Tuta
2047 1385 2330 1438 alacritate
2382 1387 2620 1455 priorem
2657 1390 2864 1453 peccati
2899 1399 3146 1441 aversata
3183 1390 3324 1442 viam
3348 1430 3363 1454 ,

1797 1470 2073 1527 desiderio
2129 1477 2194 1528 ad
2255 1477 2534 1532 Christum
2574 1481 2906 1542 accurristi,
2957 1481 3008 1532 in
3063 1482 3364 1546 inaccessis

1795 1565 2022 1619 educata
2048 1568 2462 1630 solitudinibus,
2492 1570 2721 1640 ejusque
2753 1574 2979 1626 omnino
3002 1588 3064 1626 ac
3107 1584 3364 1626 accurate

1796 1654 1975 1708 divina
2013 1657 2266 1710 mandata
2303 1660 2552 1728 implcns.

2410 1750 2487 1804 De
2517 1751 2746 1805 Andron.

1867 1813 2202 1882 Videamus,
2253 1819 2556 1882 videamus,
2605 1837 2636 1874 ο
2686 1823 2890 1882 anima,
2924 1821 3015 1873 Dei
3053 1829 3105 1870 ct
3150 1820 3360 1871 Domini

116 1904 206 1955 καὶ
234 1905 504 1958 Δεσπὸτου
528 1922 541 1936 °
585 1909 674 1961 διὰ
713 1911 870 1963 τοῦτο
903 1915 1008 1983 πρὸ
1051 1917 1239 1978 τέλους
1284 1919 1433 1988 αὐτῷ
1477 1921 1575 1973 σὺν
1610 1921 1689 1976 δά·

1802 1908 2187 1974 clementiam;
2229 1910 2512 1978 quocirca,
2571 1913 2889 1979 priusquam
2943 1922 3170 1976 occupet
3216 1909 3359 1970 linis,

115 2010 271 2062 κρυσι
303 1998 723 2068 προσπέσωμεν,
762 2001 1016 2070 βοῶντες·
1063 2005 1307 2076 Ἀνδρέου
1335 2012 1452 2072 ταῖς
1491 2010 1685 2080 λιταῖς,

113 2085 315 2153 Σώτερ,
347 2087 569 2159 ἐλέησον
599 2093 767 2162 ἡμᾶς.

813 2162 988 2246 λόξα.

182 2265 441 2336 Ἀναρχε,
472 2268 692 2323 ἄκτιστε
726 2272 895 2342 Τριὰς
916 2291 928 2302 ·
976 2275 1239 2345 ἀμέριστε
1301 2279 1489 2347 μονὰς,
1519 2299 1687 2351 μετα-

111 2355 334 2410 νοοῦντὰ
373 2375 440 2427 με
490 2359 668 2424 δέξαι·
697 2363 1056 2435 ἡμαρτηκότα
1095 2385 1162 2436 με
1209 2369 1401 2423 σῶσον.
1442 2371 1537 2424 Σὺν
1571 2376 1690 2444 είμὶ

110 2447 332 2516 πλάσμα
358 2465 374 2478 ·
411 2450 487 2520 μὴ
522 2453 776 2532 παρίδῃς,
813 2455 947 2510 ἀλλὰ
984 2461 1207 2527 φεῖσαι,
1243 2461 1336 2512 καὶ
1391 2462 1550 2532 ῥῦσαι
1593 2467 1685 2519 τοῦ

111 2537 274 2606 πυρὸς
296 2538 400 2608 τῆς
429 2544 728 2608 καταδίκης
762 2563 849 2615 με.

499 2629 503 2633 ’
624 2636 731 2689 Kal
766 2637 900 2690 νῦν.
940 2641 1175 2697 Θεοτόκ.

180 2722 450 2792 ’Δχραντε
478 2725 763 2793 Δέσποινα,
789 2729 1156 2804 Θεογεννῆτορ
1180 2753 1192 2765 ·
1227 2737 1259 2804 ἡ
1287 2737 1441 2800 ἐλπὶς
1473 2739 1582 2790 τῶν
1609 2742 1685 2803 είς

113 2812 169 2865 σὲ
201 2818 669 2885 προστρεχὸντων,
702 2822 795 2874 καὶ
819 2822 981 2892 λιμὴν
1006 2825 1111 2893 τῶν
1136 2828 1194 2878 ὲν
1225 2827 1383 2898 ζάλῃ,
1417 2831 1504 2881 τὸν
1530 2830 1683 2898 ἐλεή-

115 2920 265 2971 μονα,
297 2907 391 2957 καὶ
413 2907 678 2979 κτίστην,
708 2912 802 2962 καὶ
839 2911 966 2964 Υἱόν
990 2929 1104 2980 σου,
1137 2914 1354 2968 ί).έωσαι
1379 2919 1546 2986 κάμοὶ
1567 2923 1686 2982 ταῖς

113 2992 338 3058 ἱκεσίαις
363 2997 488 3059 ταῖς
518 3000 658 3061 σαῖς.

575 3091 709 3160 ᾨδὴ
747 3100 816 3160 τ’.
873 3094 934 3147 Ὀ
981 3098 1219 3173 Ειρμός.

187 3176 306 3231 Ἐπὶ
334 3181 437 3250 τὴν
464 3182 781 3248 ἀσάλευτον,
811 3184 1034 3257 Χριστὲ,
1072 3190 1279 3259 πέτραν
1308 3193 1417 3246 τῶν
1452 3194 1682 3248 ὲντολῶν

111 3284 219 3332 σου,
245 3272 341 3340 τὴν
384 3274 718 3345 Ἐκκλησίαν
754 3267 848 3330 ἆου
880 3281 1203 3350 στερέωσον.

180 3379 195 3410 ι
231 3362 351 3433 Πῦρ
378 3365 530 3435 παρὰ
566 3369 770 3438 Κυρίου
805 3371 934 3422 ποτὲ
961 3371 1161 3441 Κύριος
1197 3375 1512 3446 ἐπιϐρέξας,
1541 3398 1557 3429 ι
1583 3381 1682 3449 τὴν

109 3451 205 3518 γῆν
239 3455 488 3524 Σοδόμων
521 3461 651 3526 πρὶν
693 3463 1040 3530 κατέφλεξεν.

119 3611 124 3615 ϋ
175 3544 262 3607 Εἰς
285 3547 344 3597 τὸ
368 3546 497 3616 ὅρος
516 3548 711 3617 σώζου,
737 3551 903 3623 ψυχὴ,
929 3555 1117 3626 ὥσπερ
1138 3557 1165 3608 ὁ
1187 3557 1310 3610 Λὼτ
1332 3561 1558 3624 ἐκεῖνος.
1587 3566 1679 3617 καὶ

109 3635 181 3696 είς
212 3637 406 3709 Σηγὼρ
445 3647 886 3718 προανασὼθητι.

171 3731 337 3804 Φεῦγε
366 3737 720 3807 ἐμπρησμὸν,
772 3733 818 3793 ὦ
862 3741 1005 3810 ψυχή
1064 3761 1188 3812 μου,
1230 3746 1396 3815 φεῦγε
1432 3749 1680 3819 Σοδόμων

109 3821 292 3875 καῦσιν
315 3841 327 3855 ο
353 3827 526 3896 φεῦγε
561 3830 767 3901 φθορὰν
794 3831 946 3897 θείας
977 3834 1324 3903 φλογώσεως,

183 3913 647 3990 Ἐξομολογοῦμαί
701 3940 804 3988 σοι,
859 3925 1076 3995 Σῶτερ·
1107 3928 1377 3998 ἥμαρτον,
1432 3932 1679 4003 ἥμαρτον

109 4018 184 4055 σοι
211 4007 250 4060 ⁷,
283 4007 422 4062 Ἀλλ’
453 4011 584 4076 ἄνες
611 4028 624 4040 ’
668 4013 805 4080 ἄφες
837 4034 948 4085 μοι,
973 4017 1048 4081 ὡς
1076 4017 1471 4090 εὔσπλαγχνος.

105 4095 114 4111 '
175 4096 453 4168 Ἧμαρτόν
487 4121 566 4156 σοι
596 4105 757 4172 μόνος
783 4108 893 4176 ὲγὼ
917 4126 929 4139 ·
968 4110 1219 4179 ἥμαρτον
1251 4113 1392 4183 ὑπὲρ
1438 4115 1685 4181 πάνταςζ

109 4186 294 4255 Χριστὲ
326 4193 535 4264 Σῶτερ,
571 4197 645 4266 μὴ
685 4199 950 4270 ὑπερίδῃς
987 4217 1075 4270 με.

172 4279 240 4331 Σὺ
267 4278 312 4334 εί
334 4285 361 4333 ὁ
391 4286 604 4357 Ποιμὴν
633 4289 661 4339 ὀ
685 4290 866 4352 καλὸς.
897 4291 1133 4362 ζήτησόν
1162 4302 1228 4363 με
1256 4295 1346 4348 τὸν
1376 4296 1514 4366 ἄρνα
1539 4313 1552 4326 ο
1585 4299 1677 4350 καὶ

109 4367 438 4441 πλανηθέντα
475 4379 551 4447 μὴ
579 4381 813 4452 παρίδῃς
843 4399 930 4451 με.

173 4459 240 4513 Σὺ
275 4459 322 4516 εἷ
350 4467 378 4518 ὁ
407 4467 612 4534 γλυκὺς
639 4470 849 4539 Ἰησοῦς
872 4487 886 4502 ⁶
919 4473 982 4525 σὺ
1004 4464 1060 4526 εἴ
1081 4475 1109 4527 ὁ
1140 4473 1513 4545 πλαστουργός
1548 4497 1670 4548 μου.

123 4547 202 4604 Ἐν
235 4559 333 4619 σοὶ,
362 4558 570 4628 Σὼτερ,
599 4561 1054 4633 δικαιωθήσομαι.

800 4654 973 4716 Δόξα.

184 4736 238 4788 ’0
267 4738 434 4808 Τριὰς
464 4744 632 4811 μονὰς
675 4747 704 4797 ὁ
752 4746 903 4809 Θεὸς,
955 4747 1128 4800 σῶσον
1156 4750 1301 4818 ἡμᾶς
1351 4750 1415 4801 ὲκ
1447 4749 1673 4822 πλάνης,

109 4827 197 4879 καὶ
220 4837 558 4904 πειρασμῶν,
596 4839 691 4889 καὶ
727 4839 1128 4908 περιστάσεων.

609 4931 717 4982 Καὶ
742 4930 878 4984 νῦν.
915 4934 1155 4984 Θεοτόκ.

172 5007 592 5085 Χαῖρε,Θεοδόχε
616 5020 849 5087 γαστήρ
871 5022 1049 5090 χαῖρε,
1073 5020 1230 5091 θρόνε
1248 5021 1475 5093 Κυρίου·
1496 5025 1676 5094 χαῖρε,

107 5095 140 5163 ἡ
163 5099 352 5173 Μήτηρ
376 5105 474 5174 τῆς
512 5105 658 5179 ζωῆς
689 5107 867 5180 ἡμῶν·

1791 1996 2104 2050 accidamus
2126 2013 2250 2051 cum
2277 2000 2554 2069 Iacrymis,
2590 2001 2891 2071 clamantes
2918 2017 2928 2050 :
2958 1998 3064 2062 Tu,
3087 1998 3358 2062 Salvator,

1789 2093 2018 2147 Andreae
2050 2093 2561 2157 intercessionibus,
2598 2096 2771 2147 nostri
2810 2095 3091 2146 miserere.

2463 2185 2672 2240 Gloria.

1859 2280 2103 2346 A'Sterna,
2126 2283 2362 2336 increata
2383 2279 2649 2343 Trinitas;
2673 2280 2902 2331 indivisa
2926 2287 3125 2337 unitas,
3144 2274 3361 2342 suscipe

1789 2384 1874 2423 me
1915 2373 2270 2440 pmnitentem
2297 2390 2310 2437 ;
2342 2372 2551 2425 salvum
2585 2371 2668 2423 iac
2717 2385 2801 2422 me
2832 2375 3192 2435 peccatorcm.
3226 2364 3357 2416 Sum

1789 2462 2104 2528 ﬁgmentum
2140 2474 2292 2517 tuum
2320 2481 2336 2530 ;
2371 2479 2439 2518 ne
2473 2463 2765 2531 despicias,
2801 2461 2895 2511 sed
2927 2473 3089 2528 parce
3116 2497 3130 2518 ν
3167 2473 3359 2524 ιιιείιιω

1789 2553 1958 2607 libera
1994 2558 2062 2608 ab
2093 2557 2236 2626 ignis
2261 2556 2636 2608 damnatione.

2243 2645 2309 2695 Et
2345 2660 2501 2697 nunc.
2542 2642 2620 2693 Ad
2672 2642 2885 2708 Πείραι’.

1859 2732 2181 2788 lntcmerata
2219 2733 2468 2796 Domina,
2499 2734 2728 2802 Dcipara
2760 2750 2772 2796 ;
2802 2748 2928 2800 spes
2957 2732 3021 2783 ad
3051 2737 3102 2782 te
3128 2745 3358 2782 currens

1790 2825 1922 2875 tium
1958 2839 2022 2877 ac
2057 2833 2381 2894 tempestate
2414 2825 2742 2894 jactatorum
2779 2832 3009 2891 portus;
3062 2823 3192 2873 mihi
3229 2837 3362 2888 quo-

1786 2930 1913 2982 que,
1972 2916 2380 2969 misericordem
2415 2917 2562 2970 illum
2597 2927 2647 2968 ct
2676 2915 3030 2978 Creatorem,
3063 2928 3127 2966 ac
3159 2911 3359 2965 Filiqu

1788 3015 1940 3059 tuum
1973 3048 1988 3071 ,
2022 3007 2098 3060 illi
2139 3005 2578 3078 supplex,reddc
2613 3007 2931 3074 propitium.

2349 3100 2448 3152 0d.
2470 3101 2522 3152 5.
2556 3098 2798 3153 llirmus.

1855 3189 1959 3256 Tu,
1993 3191 2231 3253 Christe.
2265 3207 2430 3261 supra
2462 3193 2859 3245 inconcussam
2894 3200 3099 3259 petram
3141 3197 3358 3240 tuorum

1785 3284 2192 3344 mandatorum,
2219 3293 2369 3336 tuam
2398 3286 2570 3336 solida
2615 3282 2936 3337 Ecclesiam.

1859 3395 1876 3427 ι
1916 3356 2110 3430 Piuens
2135 3376 2402 3428 Dominus
2428 3393 2455 3428 a
2484 3375 2734 3435 Domino,
2757 3372 3036 3443 quondam
3062 3371 3240 3441 ignem
3264 3380 3354 3432 |,i

1781 3469 1993 3522 exussit
2027 3467 2233 3535 pridem
2261 3466 2624 3520 Sodomorum
2660 3476 2888 3518 terram.

1855 3556 2076 3610 Salvare
2133 3557 2187 3609 in
2244 3565 2510 3617 tuentem,
2561 3570 2594 3606 o
2636 3557 2841 3611 anima.
2891 3548 3357 3621 quemadmodum

1783 3647 1883 3701 Lot
1916 3650 2027 3710 ille,
2072 3649 2325 3717 priorque
2362 3647 2526 3701 saluti
2555 3647 2608 3699 in
2637 3646 2805 3714 Segor
2827 3646 3073 3697 consule.

1850 3741 1996 3795 Cave
2033 3741 2368 3805 incendium,
2402 3755 2435 3792 ο
2478 3754 2594 3791 mea
2631 3739 2809 3790 anima
2847 3751 3023 3799 ;eave
3062 3732 3360 3786 crematio-

1781 3847 1902 3885 nem
1929 3832 2329 3896 Sodomorum;
2355 3847 2487 3885 cave
2509 3828 2792 3883 interitum
2812 3826 3118 3880 exustionis
3137 3824 3356 3877 divinae.

1851 3921 1998 3986 Tibi,
2025 3937 2058 3977 ο
2081 3921 2353 3985 Salvator,
2380 3921 2664 3975 confiteor.
2697 3918 2950 3981 Peccavi,
2979 3917 3074 3970 tibi
3111 3913 3355 3985 peccavi.

1784 4014 1982 4068 Verum
2019 4014 2238 4069 remitte
2272 4031 2284 4066 :
2318 4013 2532 4067 dimitte
2562 4012 2705 4064 velut
2741 4009 3074 4063 misericors.

1851 4105 1970 4158 Tibi
2007 4121 2110 4176 ego
2151 4105 2303 4159 solus
2337 4104 2592 4173 peccavi;
2644 4102 2863 4171 peccavi
2918 4113 3082 4168 supra
3133 4109 3357 4160 omnes;

1780 4204 1859 4259 tu,
1888 4196 2106 4251 Christe
2135 4195 2409 4255 Salvator.
2448 4211 2512 4248 ne
2554 4210 2638 4247 me
2666 4193 2912 4258 despice.

1853 4289 1931 4342 'I‘u
1963 4305 2023 4342 cs
2065 4289 2154 4342 ille
2182 4289 2360 4342 bonus
2395 4287 2589 4340 Pastor
2619 4287 2670 4350 ιο,
2705 4301 2886 4354 quaere
2922 4298 3007 4336 inc
3035 4295 3229 4352 agnum
3263 4292 3362 4332 no-

1782 4383 2018 4449 vellum;
2055 4395 2155 4435 nec
2185 4397 2269 4433 mc
2301 4387 2579 4434 errantem
2617 4377 2949 4446 despexeris.

1850 4472 1931 4526 Tu
1961 4489 2020 4527 es
2048 4473 2139 4526 ille
2182 4473 2360 4524 dulcis
2390 4470 2517 4524 Jcsu
2548 4487 2562 4533 ;
2595 4477 2650 4521 tu
2687 4485 2747 4522 es
2790 4469 2881 4521 ille
2910 4467 3116 4534 plastes
3161 4477 3357 4526 meus;

1709 4596 1751 4648 υ
1775 4565 2124 4634 justilicahor
2157 4564 2209 4616 in
2237 4573 2308 4623 te,
2346 4561 2616 4615 Salvator.

2467 4654 2675 4708 Gloria.

1800 4808 1805 4812 _
1855 4747 1899 4800 0
1930 4745 2172 4800 Trinitas
2206 4762 2310 4800 una
2349 4745 2512 4805 Deus,
2557 4761 2658 4798 nos
2687 4744 2756 4797 ab
2796 4756 2988 4796 errore
3017 4738 3104 4794 l'ac
3137 4737 3353 4803 salvos,

1784 4849 1949 4909 atque
1979 4856 2007 4892 ιι
2039 4840 2304 4909 periculis
2336 4847 2389 4889 et
2413 4838 2844 4890 calamitatibus.

2238 4929 2304 4984 Et
2349 4948 2509 4985 nunc.
2565 4931 2646 4983 Ad
2695 4930 2910 4994 Deipar.

1854 5023 2064 5091 Gaude,
2103 5034 2293 5079 venter
2323 5026 2416 5094 qui
2459 5024 2628 5078 Deum
2657 5023 2951 5091 suscepisti
2977 5041 2992 5087 ;
3018 5018 3214 5094 gaude,
3247 5017 3358 5074 Do-

1786 5117 1918 5168 mini
1945 5115 2139 5176 scdes;
2168 5115 2365 5186 gaude,
2389 5113 2561 5170 Mater
2591 5117 2714 5170 vita:
2735 5124 2957 5171 nostrae.

172 5236 413 5295 Herem.
447 5258 581 5309 xvrt,
617 5243 707 5299 10.
779 5253 802 5282 ι
835 5244 1030 5299 Matth.
1067 5263 1180 5311 xuv,
1220 5247 1310 5329 5i.
1390 5259 1415 5286 ι
1452 5246 1588 5303 Gen.
1641 5265 1689 5302 ιι

1793 5253 1854 5306 ιι.
1931 5251 2231 5324 bJoan,
2287 5251 2374 5310 ll.

1390 5365 1473 5418 VA
1486 5367 1524 5420 Β
1537 5370 1552 5421 1
1565 5369 1627 5423 ΑΕ
1672 5371 1970 5428 LECTIUN
1983 5373 2087 5430 ES.

178 5445 196 5474 ⁸
221 5447 302 5503 Ῐσ.
328 5448 572 5518 βολίζων.
686 5455 707 5486 ⁷
734 5454 875 5509 ἀλλ.
902 5457 1150 5528 ἥμαρτον
1179 5475 1260 5511 σοι
1293 5460 1570 5530 ἀμέτροις.

1407 5574 1792 5632 COMBEFISII
1837 5575 2069 5647 NOTAE.

181 5652 374 5774 (δὸζΕι
413 5659 759 5727 cogitationes
789 5665 1094 5732 explorant.
1127 5667 1235 5718 Καὶ
1269 5667 1480 5730 ἐννοίας
1507 5667 1669 5736 βολά-

117 5721 232 5774 ζων.
313 5727 360 5774 el
397 5738 483 5774 est
528 5732 814 5774 Ιρσριηιηιη
871 5735 1096 5774 anxir...“
1186 5747 1235 5774 nl
1289 5739 1516 5774 unlnnril
1581 5741 1668 5774 ;ιι..

147 5741 212 5774 ων
221 5765 232 5778 ,

118 5795 419 5874 metaphora
449 5795 758 5874 exprimere
791 5795 937 5874 quod
986 5795 1236 5872 sequitur
1279 5809 1333 5860 in
1369 5811 1550 5865 verbis
1581 5809 1671 5864 Jec

121 5869 306 5932 trtiiize,
344 5869 653 5941 δοκιμάζων
693 5869 820 5941 τοὺς
854 5869 1126 5949 νεφρούςο
1175 5879 1417 5934 Probum
1471 5899 1534 5934 ac
1582 5898 1674 5936 ex-

313 5727 360 5778 el
397 5738 483 5783 εει
528 5732 815 5802 legendum
856 5727 1131 5804 ⁷βολίςων,
1186 5747 1241 5788 ιιι
1289 5727 1522 5792 voluerii
1581 5741 1669 5794 illa
1709 5756 1720 5766 '

1778 5670 1996 5750 ploratu
2026 5673 2364 5750 _reu_ea.Aqui
2408 5685 2553 5750 sunt
2604 5677 2764 5750 aedes
2820 5679 3253 5750 cogitationum;
3307 5693 3362 5740 et

1778 5742 2172 5823 quibusulaasis
2227 5742 2362 5823 ﬁunt
2408 5745 2661 5803 homines
2691 5742 3021 5820 phrenetici,
3054 5761 3110 5807 ut
3137 5742 3362 5823 vocant,

1777 5820 1832 5866 et
1858 5812 2116 5869 sensibus
2149 5815 2302 5869 moti.
