4124 6450
131 368 259 435 una

1409 386 1721 447 MAGNUS
1750 388 2017 452 CANON.

3232 417 3365 485 1882

127 499 245 544 σαν,
268 482 359 535 καὶ
384 483 490 544 πᾶς
518 481 724 537 δικαίου
758 484 911 552 λόγος
929 484 1344 557 ἀίτραυματίαι
1365 507 1479 557 σου,
1513 494 1679 565 ψυχὴ,

1786 513 1849 553 ac
1880 502 2061 557 omnis
2086 504 2223 573 justi
2252 521 2470 575 sermo;
2501 512 2730 569 vulnera
2776 522 2889 583 tua,
2927 534 2960 574 ο
2994 523 3196 592 anima,
3221 535 3362 582 mut.

123 570 556 639 ὶπληϐύνθησαν,
583 571 682 623 οὐκ
716 570 867 635 (ivro;
899 575 1085 645 ίατροῦ
1130 575 1225 628 τοῦ
1262 577 1542 643 ὑγιοῦντός
1607 598 1686 636 σε.

194 659 303 727 Τῆς
333 658 475 721 Νέας
492 660 727 729 παράγω
776 678 861 714 σοι
908 663 1129 733 Γραφῆς
1171 667 1240 720 τὰ
1297 668 1687 739 ὑποδείγματα,

121 749 383 816 ἒνάγοντά
408 768 488 815 σε,
516 751 684 821 ψυχὴ,
739 755 876 824 πρὸς
924 757 1236 823 κατάνυξιν.
1296 762 1550 824 Δικαίους
1596 762 1690 814 οὖν

121 838 401 907 ζήλωσον·
448 841 805 912 ἁμαρτωλοὺς
867 845 1134 914 ἐκτρέπου
1166 887 1180 910 ,
1256 850 1350 900 καὶ
1404 848 1688 913 ἐξιλέωσαι

118 928 373 997 Χριστὸν,
407 934 734 1001 προσευχαῖς
768 949 826 985 τι
861 935 955 987 xui.
984 935 1286 1003 νηστείαις,
1333 938 1431 991 καὶ
1475 940 1685 1009 ἁγνείᾳ,

118 1020 213 1071 καὶ
240 1036 297 1071 σε
307 1021 552 1089 μνότητι.

187 1109 422 1177 Χριστὸς
454 1110 867 1183 ὲνηνθρὼπησε,
898 1116 1059 1185 σαρκὶ
1109 1119 1523 1189 προσομιλήσας
1560 1139 1682 1189 μοι·

116 1199 211 1248 καὶ
244 1199 418 1251 πάντα
449 1201 549 1252 ὅσα
574 1202 809 1271 ὑπάρχει
839 1204 939 1273 τῆς
983 1206 1197 1272 φύσεως
1230 1209 1538 1278 ἐπλήρωσε,
1588 1212 1686 1281 τῆς

116 1290 390 1359 ἁμαρτίας
419 1290 559 1359 δίχα,
588 1292 944 1361 ὲπίγραμμὸν
969 1311 1069 1355 σοι,
1102 1289 1146 1347 ὦ
1176 1296 1346 1366 ψυχὴ,
1385 1300 1476 1352 καὶ
1503 1302 1686 1356 εἰκόνα

116 1379 506 1450 προδεικνύων,
537 1382 635 1451 τῆς
668 1384 833 1435 αὑτοῦ
859 1387 1340 1453 συγκαταϐάσεως.

186 1556 418 1627 Χριστὸς
444 1558 854 1630 ὲνηνορὼπησε,
906 1562 1143 1627 καλέσας
1204 1567 1341 1636 πρὸς
1394 1569 1684 1638 μετάνοιαν

112 1644 320 1716 λῃστὰς
372 1651 463 1701 καὶ
509 1650 731 1719 πόρνας.
762 1653 945 1723 Ψυχὴ,
978 1657 1314 1727 μετανόησον
1334 1676 1347 1689 ·
1381 1661 1413 1727 ἡ
1433 1660 1570 1733 θύρα
1595 1665 1686 1732 ὴν-

115 1739 313 1807 έῳκται
340 1740 435 1808 τῆς
468 1739 746 1809 βασιλείας
783 1744 885 1813 ἤδη
925 1760 938 1772 ·
972 1749 1066 1797 καὶ⁵
1103 1750 1552 1820 προαρπάζουσιν
1580 1756 1682 1807 ἀύ-

111 1830 211 1897 τὴν
238 1830 283 1860 ⁸³
323 1831 625 1900 Φαρισαῖοι,
654 1833 749 1885 καὶ
788 1835 1050 1903 Τελῶναι,
1081 1840 1173 1891 καὶ
1203 1840 1383 1910 μοιχοὶ⁸
1416 1859 1680 1911 μεταποι-

110 1920 172 1969 οὐ
182 1935 352 1987 μενοι.

182 2011 414 2081 Χριστὸς
466 2011 692 2077 Μάγους
731 2013 941 2068 ἔσωσε·
996 2020 1262 2087 ποιμένας
1315 2023 1679 2077 συνεκάλεσε⁶

109 2101 319 2169 νηπίων
342 2105 546 2172 δήμους
564 2104 815 2169 ἀπέδειξε
846 2108 1134 2179 μάρτυρας
1155 2128 1167 2141 ο
1209 2114 1521 2184 πρεσϐύτην
1564 2115 1680 2168 ἐδό-

109 2191 262 2257 ξασε,
292 2194 387 2246 καὶ
407 2196 710 2264 γηραλαίαν
732 2199 928 2266 χήραν,
956 2195 1029 2255 ὧν
1053 2203 1152 2255 οὐκ
1179 2204 1479 2275 ὲζήλωσας,
1511 2206 1677 2277 ψυχὴ,

104 2288 168 2339 ού
222 2289 318 2349 τὰς
368 2288 615 2358 πράξεις,
661 2296 721 2343 οὐ
778 2293 869 2345 τὸν
919 2293 1053 2362 βίον.
1095 2296 1233 2349 Ἀλλ’
1258 2299 1379 2350 ούαί
1412 2316 1491 2351 σοι
1511 2302 1569 2352 ὲν
1602 2300 1678 2372 τῷ

106 2379 413 2449 κρίνεσθαι.
642 2458 645 2461 Ἰ

178 2474 501 2543 Νηστεύσας
537 2481 564 2532 ό
594 2479 798 2550 Κύριος
831 2483 1240 2553 τεσσαράκοντα
1271 2489 1328 2540 ὲν
1372 2493 1435 2560 τῇ
1464 2492 1676 2563 ἐρήμῳ,

105 2566 332 2637 ὕστερον
356 2569 633 2636 ἐπείνασε,
660 2572 873 2635 δεικνὺς
898 2573 958 2626 τὸ
989 2575 1328 2647 ἀνθρώπινον
1354 2597 1367 2611 ·
1395 2580 1561 2651 ψυχὴ,
1603 2584 1677 2654 μὴ

103 2657 393 2731 ἀθυμήσῃς
434 2662 499 2715 ἄν
529 2680 610 2715 σοι
661 2664 976 2737 προσϐάλλῃ
1000 2664 1027 2715 ὀ
1065 2670 1256 2739 ἐχθρός
1282 2688 1295 2701 ·
1352 2677 1678 2744 προσευχαῖς

101 2765 165 2801 τε
198 2750 289 2802 καὶ
319 2755 599 2819 νηστείαις
626 2758 688 2808 ὲκ
724 2757 899 2811 ποδῶν
926 2760 1360 2831 ἀποκρουσϐήτω
1384 2781 1484 2820 σοι.

174 2927 406 2997 Χριστὸς
444 2929 767 2998 ὲπειράζετο
796 2946 808 2958 ⁸
860 2932 1105 2996 διάϐολος
1151 2934 1406 3004 ὲπείραζε
1464 2935 1676 3001 δεικνὺς

99 3018 229 3081 τοὺς
256 3018 457 3082 λίθους,
495 3020 582 3073 ἵνα
609 3021 763 3092 ἄρτοι
804 3023 1097 3090 γένωνται·
1151 3027 1231 3087 είς
1296 3026 1418 3097 ὅρος
1470 3029 1676 3098 ἀνήγα-

101 3126 221 3177 γεν,
272 3110 399 3162 ίδεῖν
431 3111 529 3173 τὰς
565 3111 842 3181 βασιλείας
872 3114 965 3166 τοῦ
1000 3115 1203 3185 κόσμου
1234 3117 1409 3180 πάσας
1438 3119 1495 3170 ὲν
1518 3121 1673 3190 ῥιπῇ.

99 3200 297 3267 Φοὸοὖ,
325 3197 369 3256 ὧ
398 3203 561 3275 ψυχὴ,
586 3205 644 3257 τό
667 3206 850 3277 δρᾶμα
869 3223 881 3235 ³
916 3206 1054 3276 νῆφε
1076 3224 1090 3238 ’
1134 3206 1295 3280 εὔχου
1319 3211 1499 3263 πᾶσαν
1527 3211 1676 3283 ῶραν

101 3290 243 3343 Θεῶ.

177 3381 403 3452 Τρυχῶν
432 3385 464 3454 ἡ
502 3385 826 3455 φιλέρημος,
858 3387 1006 3459 φωνὴ
1026 3388 1277 3458 βοῶντος,
1303 3391 1473 3461 ήχησε
1495 3408 1508 3421 ·
1541 3392 1585 3443 Χ
1595 3409 1676 3463 ρι-

103 3471 234 3524 στοῦ
280 3475 308 3525 ὁ
334 3472 549 3543 λύχνος,
604 3476 892 3546 κηρύττων
926 3479 1232 3547 μετάνοιαν.
1278 3479 1522 3552 Ἡρώδης
1555 3482 1678 3551 ἡνό-

105 3580 270 3632 μησε,
310 3565 407 3617 σὺν
468 3568 534 3637 τῇ
581 3567 875 3638 Ἡρωδιάδι
910 3584 923 3599 ’
983 3570 1169 3640 βλέπε,
1223 3571 1368 3643 ψυχή
1425 3591 1549 3643 μου,
1602 3573 1676 3643 μὴ

105 3658 290 3725 παγῇς
320 3653 429 3708 τῶν
460 3643 680 3727 ἀν’όμων
719 3662 838 3722 ταῖς
862 3662 1090 3729 παγίσιν
1116 3680 1131 3694 ο
1165 3663 1279 3717 ἀλλ’
1310 3664 1555 3728 ἀσπάζου
1582 3664 1678 3735 τὴν

105 3746 420 3816 μετάνοιαν.

178 3839 289 3908 Τὴν
319 3839 526 3910 ἔρημον
549 3840 765 3911 ᾤκησεν
794 3842 822 3895 ὁ
856 3844 1167 3915 Πρόδρομος
1198 3848 1295 3915 τῆς
1321 3849 1558 3918 χαρίτος,
1588 3850 1679 3904 καὶ

115 3932 347 3986 Ἰουδαῖα
372 3934 518 3987 πᾶσα
551 3936 645 3988 καὶ
668 3937 973 4008 Σαμάρεια,
1003 3940 1288 4003 ἀκούοντες
1321 3942 1554 4011 ἔτρεχον,
1586 3946 1678 3998 καὶ

100 4025 540 4093 ὲξωμολογοῦντο
578 4027 676 4091 τὰς
720 4030 991 4100 ἁμαρτίας
1031 4033 1260 4097 ἑαυτῶν,
1294 4030 1678 4106 βαπτιζόμενοι

100 4115 402 4185 προθύμως
433 4116 525 4179 οὒς
567 4117 705 4188 αὑτὴ
744 4120 845 4170 οὐκ
880 4122 1156 4189 ἐμιμήσω,
1184 4122 1351 4193 ψυχή.

180 4224 197 4255 ι
243 4206 301 4260 Ὀ
329 4207 510 4276 γάμος
544 4208 642 4276 μὲν
674 4208 874 4276 τίμιος,
913 4212 946 4280 ἡ
992 4212 1142 4281 κοίτη
1204 4213 1259 4265 δὲ
1311 4215 1572 4284 ἀμίαντος
1600 4231 1613 4245 ⁸
1653 4234 1671 4265 ι

100 4296 388 4366 ἀμφότερα
420 4299 527 4366 γὰρ
566 4298 801 4368 Χριστὸς
835 4304 1227 4373 προευλόγησε,
1290 4306 1452 4376 σαρκὶ
1504 4308 1678 4360 ἐσθιό-

103 4405 289 4457 μενος,
313 4389 408 4441 καὶ
438 4392 496 4442 ὲν
531 4392 686 4461 Κανᾷ
717 4391 773 4444 δὲ
799 4392 980 4462 γάμῳ,
1012 4394 1073 4446 τὸ
1098 4394 1240 4467 ὓδωρ
1260 4392 1399 4450 οἶνον
1422 4398 1675 4463 ἐκτελῶν,

102 4479 201 4531 καὶ
229 4479 495 4535 δεικνύων
524 4482 740 4552 πρῶτον
776 4482 981 4555 θαῦμα,
1032 4486 1119 4540 ἵνα
1164 4489 1227 4540 σὺ
1269 4488 1467 4560 σωθῇς,
1519 4491 1675 4544 tum:

96 4571 266 4641 ψυχή·

96 4844 99 4845 ν
145 4813 197 4849 ι’
230 4811 417 4865 Matth.
452 4826 567 4873 ut,
600 4809 689 4864 3i.
726 4814 797 4848 ν’
839 4815 1032 4869 Matth.
1070 4832 1129 4877 ιι.
1164 4819 1214 4873 1.

97 4896 254 4951 seqq.
336 4893 357 4919 ι’
387 4883 547 4937 Cant.
610 4897 669 4944 ιι,
699 4883 785 4936 1-2.
864 4893 886 4923 ⁸
923 4885 1025 4941 lsa.
1063 4902 1149 4950 τι,
1185 4889 1236 4943 3.

96 4967 278 5021 scqq.;
336 4951 509 5006 Marc.
539 4966 616 5015 γι,
650 4951 714 5004 17
756 4968 917 5024 seqq.

1403 4820 1533 4913 [:IIC.
1570 4840 1627 4887 ll,
1662 4825 1680 4878 ε

1792 4834 1817 4863 ο
1846 4829 2160 4913 hlattlnril.
2202 4830 2296 4913 i6;
2360 4833 2547 4913 P__l.tic..
2585 4853 2642 4905 ιι,
2666 4840 2764 4913 26,
2799 4843 2886 4898 57.
2953 4858 2977 4897 τι
3011 4848 3196 4904 Matth.
3224 4870 3294 4913 ιγ,
3326 4855 3362 4907 2

1356 4893 1374 4927 ί
1407 4891 1565 4947 Joan.
1600 4911 1651 4955 v.

1358 4978 1373 4987 Ι
1463 4966 1481 4987 λ
1538 4981 1666 4987 --η--

1829 4906 1874 4987 ,τ
1910 4898 2103 4987 Illlatth‘.
2142 4916 2224 4987 ιιι,
2265 4902 2327 4987 2i
2370 4904 2540 4987 _Marc.
2580 4891 2931 4987 .,'4_‘§éq?{.'v
3326 4891 3361 4979 Ξ

1018 4970 1039 4998 ι
1068 4956 1259 5012 Matth.
1316 4977 1406 5025 ιιι,
1460 4966 1481 5016 i
1536 4981 1689 5034 scqq.
1766 4976 1793 5016 Υ
1828 4967 1990 5023 lli-br.
2023 4986 2139 5035 χιιι,
2170 4956 2219 5028 ιζ

1793 591 2037 660 tiplicata
2071 604 2219 659 sunt,
2254 600 2403 654 nullo
2435 614 2757 672 suppetente
2796 608 3028 675 medico,
3063 616 3153 683 qui
3184 591 3357 675 Saiiet.

1860 681 1993 737 Novi
2023 686 2119 739 tibi
2167 687 2504 746 Testamenti
2537 700 2785 766 exempla
2811 702 3044 768 adduco,
3078 681 3299 775 quibus,
3328 732 3359 760 υ

1790 774 2290 836 anima,inducaris
2322 783 2388 835 ad
2424 789 2832 842 contritioncm.
2863 790 3146 849 {Ennilare
3178 798 3360 867 itaque

1784 862 1965 931 justos
1990 883 2003 930 ;
2036 881 2354 935 peccatores
2381 889 2659 942 aversarc,
2689 881 3077 954 Christumque
3106 891 3358 957 precibus

1787 954 1941 1021 placa
1986 956 2349 1032 jejuniisque,
2399 976 2453 1020 ct
2499 971 2779 1035 castitate,
2824 987 2880 1027 et
2927 992 3138 1031 morum
3186 981 3359 1036 hone-

1788 1052 1952 1099 state.

1854 1133 2108 1193 Christus
2138 1137 2317 1194 factus
2357 1153 2443 1198 est
2478 1148 2660 1210 homo,
2690 1165 2857 1206 carne
2896 1169 3104 1210 mecum
3130 1174 3357 1216 conver-

1786 1235 1934 1287 sans,
1974 1240 2038 1279 ac
2071 1242 2419 1299 qumcunqnc
2474 1248 2686 1291 naturas
2730 1250 2880 1302 sunt.
2933 1244 3193 1315 implevit,
3250 1268 3356 1306 uno

1784 1326 2009 1382 excepto
2035 1330 2291 1386 peccato;
2326 1326 2632 1394 exemplum
2667 1332 2787 1393 tibi,
2813 1350 2846 1388 ο
2877 1336 3077 1403 anima,
3119 1355 3182 1394 ac
3217 1344 3355 1396 inia-

1785 1404 1965 1471 ginem
2016 1408 2135 1473 ejus
2156 1425 2262 1478 qua
2298 1428 2356 1466 se
2388 1415 2485 1467 tibi
2522 1418 2825 1489 inclinavit,
2848 1426 3188 1495 humilitatis,
3220 1449 3355 1502 pra:-

1784 1504 2104 1551 monstraus
2135 1510 2299 1569 atque
2331 1508 2719 1571 praescribens.

1854 1584 2119 1644 Christus
2142 1591 2322 1648 tactus
2340 1605 2422 1649 est
2452 1597 2633 1665 homo,
2654 1607 2701 1637 η’
2727 1604 2987 1674 latrones,
3006 1616 3355 1672 meretrices-

1784 1690 1889 1745 que
1927 1679 1992 1732 ad
2026 1682 2402 1748 paenitentiam
2447 1703 2671 1745 vocans.
2720 1692 2985 1751 Pcenitcat
3034 1712 3102 1765 te,
3144 1705 3352 1770 anima;

1778 1766 1891 1833 jam
1924 1775 2072 1839 regni
2126 1785 2276 1841 porta
2326 1790 2509 1846 aperta
2540 1792 2644 1846 est,
2679 1785 2902 1856 jamque
2948 1792 3126 1860 ipsum
3164 1796 3355 1865 Phari-

1716 1839 1755 1893 Β
1786 1859 1875 1911 sati
1934 1859 2043 1930 (48)
2086 1839 2479 1936 Publieanique
2506 1912 2521 1936 ,
2558 1885 2613 1927 et
2658 1875 2915 1946 adulteri,
2952 1839 3075 1937 vita:
3122 1859 3350 1943 rationi-

1782 1948 1884 2002 bus
1914 1954 2154 2016 mutatis,
2180 1958 2520 2027 praeripiunt.

1853 2039 2108 2096 Christus
2135 2043 2320 2115 Magos
2352 2052 2534 2105 salvos
2556 2053 2800 2123 fecitn“;
2827 2070 3183 2135 pastoresque
3206 2072 3349 2138 pari-

1779 2139 1861 2186 ter
1906 2136 2122 2189 vocavit
2150 2139 2237 2173 n‘"
2264 2155 2278 2203 ;
2316 2154 2378 2193 ac
2406 2141 2698 2200 infantium
2737 2153 2969 2221 populos
2999 2157 3124 2210 fecit
3150 2136 3351 2231 marty-

1782 2238 1872 2278 res
1901 2234 1962 2291 °;
2001 2241 2184 2281 senem
2242 2231 2595 2303 gloriﬁcavit,
2648 2254 2711 2293 ac
2744 2244 2966 2299 viduam
3011 2250 3244 2305 vetulam
3278 2265 3304 2304 ρ
3332 2274 3345 2310 :

1777 2332 2036 2384 quorum,
2072 2334 2104 2375 ο
2135 2321 2342 2386 anima,
2368 2340 2467 2379 nec
2500 2329 2749 2386 actiones
2781 2334 2992 2391 imitata
3025 2355 3085 2394 cs
3139 2358 3237 2398 nec
3272 2348 3349 2401 vi-

1778 2412 1906 2458 tam.
1950 2405 2169 2471 Verum,
2203 2426 2277 2464 vae
2305 2413 2400 2467 tibi
2437 2415 2489 2468 iii
2516 2416 2745 2484 judicio.

1845 2494 1981 2549 Cum
2019 2496 2281 2555 Dominus
2326 2503 2443 2557 dies
2491 2508 2856 2579 quadraginta
2889 2516 2941 2569 in
2971 2519 3350 2594 desertojcju-

1779 2595 1983 2650 nasset,
2019 2597 2204 2657 postea
2236 2595 2427 2648 esuriit
2455 2607 2503 2657 ει,
2535 2602 2835 2658 ostendens
2865 2611 3009 2677 quod
3046 2621 3130 2667 est
3160 2615 3349 2671 huma-

1780 2684 1955 2736 num':
2000 2699 2087 2747 ne,
2114 2685 2317 2752 anima,
2366 2689 2412 2742 si
2462 2700 2514 2745 te
2566 2692 2743 2749 hostis
2779 2699 3059 2767 invaserit,
3160 2718 3347 2758 mmsia

1780 2774 1965 2826 animo
2024 2775 2164 2842 tias;
2218 2782 2476 2847 precibus
2525 2801 2655 2841 vero
2687 2798 2741 2842 et
2765 2790 3019 2859 jejuniis,
3056 2797 3347 2855 confestim

1781 2865 2048 2928 repellite.

1848 2955 2101 3011 Christus
2138 2959 2476 3027 tentabatur;
2502 2968 2745 3025 tentahat
2781 2972 3029 3031 diabolus
3054 2981 3350 3037 ostendens

1780 3045 1989 3115 lapides
2035 3058 2090 3101 ut
2123 3065 2291 3117 panes
2320 3052 2548 3119 ﬁerent;
2588 3061 2839 3117 subvexit
2876 3068 2928 3119 in
2978 3080 3242 3139 montem,
3292 3086 3351 3130 ut

1703 3175 1746 3234 ο
1781 3150 2060 3194 momento
2084 3144 2263 3196 omnia
2298 3149 2486 3201 mundi
2524 3166 2688 3221 regna
2721 3157 2944 3212 videret.
2982 3160 3209 3228 Time,o
3235 3169 3353 3221 ani—

1784 3244 1893 3294 ma,
1930 3232 2211 3301 fabulam;
2244 3245 2362 3291 esto
2387 3241 2613 3312 sobria;
2657 3250 2806 3302 omni
2843 3251 2974 3307 hora
3028 3255 3196 3313 Deum
3231 3275 3355 3330 pre-

1784 3337 1930 3377 care.

1856 3412 2060 3469 Turtur
2092 3415 2183 3469 illa
2232 3420 2549 3478 solitudinis
2580 3442 2772 3482 amans
2810 3439 2869 3497 ';
2914 3449 3017 3488 vox
3062 3438 3353 3495 clamantis

1787 3501 2031 3557 insonuit
2059 3510 2122 3571 ';
2158 3507 2361 3562 Christi
2402 3512 2626 3567 lucerna
2662 3517 2716 3580 ¹;
2761 3523 3133 3587 paenitentiam
3162 3533 3355 3597 praedi-

1787 3604 2003 3650 cans".
2060 3597 2301 3656 Herodes
2366 3605 2603 3660 sceleste
2652 3610 2763 3679 egit
2794 3628 2917 3666 eum
2960 3614 3265 3677 llerodiade
3294 3634 3354 3692 νς

1790 3686 2016 3754 vidcsis,
2068 3693 2276 3758 anima,
2310 3710 2378 3749 ne
2413 3697 2786 3765 improbomm
2833 3706 3044 3764 retibus
3088 3715 3356 3783 capiaris;

1789 3776 1881 3831 sed
1906 3776 2237 3847 amplectere
2272 3786 2672 3852 paenitentiam.

1860 3868 2138 3924 llahitavit
2164 3873 2215 3925 in
2244 3875 2461 3929 deserto
2488 3882 2676 3948 gratia:
2704 3881 3015 3942 Pramursor
3037 3906 3049 3954 ;
3072 3896 3361 3965 omnisque

1791 3957 1978 4013 Jnduea
2015 3968 2067 4015 et
2108 3960 2381 4029 Samaria,
2422 3970 2704 4027 audientes
2746 3978 3063 4043 currebant,
3106 3992 3158 4036 et
3188 3987 3359 4040 conti-

1790 4059 1966 4104 tcntes
2007 4066 2105 4105 sua
2157 4063 2403 4123 peccata,
2438 4061 2604 4114 alacri
2637 4065 2822 4120 animo
2851 4068 3276 4139 baptizabantur
3305 4087 3358 4145 ι;

1793 4157 1952 4210 quos,
1977 4158 2009 4193 ο
2044 4145 2250 4209 anima,
2282 4148 2503 4204 minime
2531 4168 2590 4206 es
2630 4154 2864 4212 imitata.

1876 4251 1892 4283 ι
1955 4231 2291 4289 llonorabile
2342 4245 2702 4307 connnlzinm,
2740 4259 2789 4301 et
2824 4258 2977 4307 torus
3042 4254 3361 4313 immacula-

1799 4334 1888 4379 tus
1924 4334 1951 4372 3'
1996 4343 2008 4377 :
2063 4336 2402 4403 illitumque
2432 4335 2574 4386 enim
2608 4336 2859 4396 Christus
2888 4344 3016 4397 olim
3055 4347 3358 4417 benedixit;

1780 4416 1933 4485 juxta
1960 4419 2104 4486 quod
2131 4430 2248 4473 erat
2274 4437 2493 4478 carnem
2525 4426 2770 4493 indutus,
2792 4436 3129 4492 manducans
3151 4479 3166 4504 ,
3199 4451 3363 4511 atque

1702 4530 1750 4589 υ
1784 4506 1836 4557 in
1871 4509 2076 4576 nuptiis
2114 4507 2263 4563 Cana
2298 4521 2341 4573 ι,
2377 4529 2572 4582 aquam
2608 4517 2814 4573 faciens
2846 4524 3055 4593 vinum,
3098 4506 3362 4597 primuin-

1787 4612 1893 4665 que
1931 4598 2040 4651 illic
2068 4600 2393 4655 miraculum
2429 4619 2783 4677 consecrans,
2817 4623 2875 4667 ut
2898 4624 2976 4681 tu,
3003 4622 3203 4675 misera
3244 4629 3361 4680 ani-

1787 4704 1895 4753 ma,
1924 4689 2154 4744 salutent
2189 4698 2565 4764 consequaris.

2306 4982 2328 5009 ι
2358 4973 2512 5029 Joan.
2570 4995 2637 5046 ιι,
2660 4973 2826 5054 ἳεειί.

1426 5101 1660 5158 ΥΑΒΙᾹΞ
1706 5106 2104 5168 LECTIUNES.

202 5203 433 5273 ’δαύτὴν
454 5205 795 5276 Φαρισαίοις.

1465 5296 1851 5358 COMBEFISII
1884 5306 2106 5367 ΝΟΤᾹΪ.

88 5428 93 5433 ‘
166 5410 279 5481 (48)
313 5408 540 5481 Jamque
567 5413 737 5480 ipsum
772 5409 1083 5482 Pliariscis.
1119 5406 1209 5462 Sic
1227 5409 1403 5482 visum
1435 5418 1519 5464 est
1549 5426 1613 5465 co
1627 5427 1683 5465 r-

92 5480 291 5551 τίθετε,
328 5480 534 5551 adjetta
573 5493 751 5535 tamen
805 5480 1462 5564 margini'cor'recti'one;
1524 5482 1685 5563 plane
1783 5489 2055 5558 justitiam
2084 5480 2378 5564 repellente

93 5548 239 5607 enim
264 5548 464 5605 alludit
495 5554 741 5606 Andreas
776 5550 840 5603 ad
871 5548 1040 5608 locos.
1076 5548 1277 5617 quibus
1309 5548 1572 5605 Dominus
1610 5554 1685 5607 si-

94 5622 317 5690 gnitlcat
352 5624 545 5691 praeire
590 5620 905 5703 Pharisaeis
954 5622 1212 5703 i_n_*regno
1241 5621 1545 5703 cla-lorum,
1582 5639 1682 5693 pu-

96 5690 362 5748 blicanos
394 5704 447 5747 et
495 5693 837 5755 meretrices,
873 5692 1044 5773 _velut.
1083 5694 1192 5773 sint
1241 5690 1313 5743 illi
1343 5691 1500 5773 justi.
1540 5690 1681 5773 quos

96 5776 207 5819 non
256 5764 465 5819 venerit
522 5778 752 5828 vocare;
803 5762 946 5818 velut
996 5761 1257 5816 nimirum
1318 5762 1421 5817 sibi
1472 5763 1672 5833 justos.

1803 5420 2357 5517 existimataque'sna
2392 5430 2627 5500 justitia,
2682 5452 2887 5505 veram,
2940 5442 3141 5500 Christi
3178 5449 3353 5517 gratia

2383 5516 2429 5567 s,
2460 5520 2624 5584 quam
2656 5522 2994 5584 peccatores,
3023 5516 3194 5584 quise
3221 5523 3358 5575 talen

1788 5568 2052 5643 nossent.
2100 5565 2278 5658 facile
2365 5565 2575 5657 invitati
2630 5565 3074 5658 πξιιΡΙε-χιιτέιιῖιιιί
3126 5607 3138 5642 :
3193 5600 3356 5658 alqui!

1786 5633 1994 5687 utinam
2032 5638 2113 5689 vel
2153 5654 2299 5718 nunc
2348 5647 2608 5718 temporis
2644 5633 2936 5711 defecisset
2975 5657 3025 5710 itl
3069 5633 3355 5718 homian

1780 5716 1971 5771 gcnus,
1995 5722 2205 5778 nosque
2231 5712 2376 5780 ipsos
2401 5716 2669 5773 sciremus
2698 5719 2966 5779 homines.
