4124 6450
128 385 276 453 1405

1363 390 1664 450 ῙἪΙΟΒΙΛ
1708 393 1868 452 MAI.
1903 393 2123 451 IIEBD.

3214 384 3347 448 1405

214 496 499 563 Ἐτοίμαζε
530 495 776 562 σεαυτὴν,
802 489 846 545 ὦ
878 492 1020 562 ψυχή
1068 510 1190 561 μου,
1223 494 1313 546 ἐπὶ
1339 496 1435 564 τὴν
1474 496 1649 561 ἔξοδον
1675 515 1688 529 ο

1864 499 2140 566 Teipsam,
2178 512 2211 551 ο
2243 498 2422 550 anima
2456 509 2592 559 mea,
2636 493 2700 546 ad
2732 507 3011 561 egressum
3057 508 3295 561 praepara
3331 508 3347 545 :

120 586 165 653 ἡ
196 584 468 655 παρουσία
500 584 704 653 ἐγγίζει
728 584 821 635 τοῦ
844 584 1105 635 Δικάστου
1132 583 1337 651 κριτοῦ.

525 660 535 670 ’
814 672 1048 724 Θεοτόκ.

208 764 481 833 Ἀχραντε
513 762 740 815 Θεοτόκε
772 761 1035 829 Παρθένε,
1071 761 1207 831 μόνη
1234 764 1568 836 πανύμνητε,
1599 766 1688 818 τὸν

125 853 265 908 Υίόν
294 872 386 907 σου
413 853 651 906 δυσώπει
680 854 819 922 ὑπὲρ
852 852 960 903 τῶν
989 851 1192 906 δούλων
1220 871 1334 907 σου.

440 942 653 1011 ΕἸρμὸς
688 942 897 1006 ἄλλος.
929 938 1061 1011 Ἦχ.
1097 944 1131 997 ό
1171 942 1374 1010 αὑτός.

209 1032 399 1095 Ἴδετε,
432 1033 569 1084 ἴδετε
608 1033 691 1083 ὅτι
731 1033 841 1097 ἐγώ
878 1034 993 1099 είμι
1028 1033 1180 1096 Θεὸς,
1212 1036 1240 1085 ὁ
1270 1035 1399 1103 πρὶν
1438 1035 1689 1101 γενέσθαι

124 1120 195 1172 τί»
225 1122 353 1181 πᾶν.
390 1122 480 1173 καὶ
526 1120 632 1188 πρὸ
675 1121 770 1173 τοῦ
831 1122 1023 1188 στῆναι
1062 1123 1165 1191 γῆν
1191 1124 1400 1175 καὶτὸν
1440 1126 1687 1192 οὐρανὸν,

125 1210 420 1277 γινώσκων
465 1211 533 1263 τὰ
581 1212 757 1265 πάντα
784 1226 797 1241 ·
826 1212 854 1263 ὀ
890 1210 1008 1274 ὅλος
1038 1210 1113 1263 ὣν
1150 1213 1208 1263 ὲν
1235 1214 1345 1265 Ila:
1358 1214 1409 1281 ρὶ
1448 1215 1539 1267 καὶ
1572 1215 1692 1267 ὅλον

125 1300 318 1368 φέρων
342 1301 398 1353 ὲν
430 1300 574 1368 ἐμοί.

208 1385 575 1451 Ἰδετε,ίδετε
629 1390 713 1443 ὅτι
772 1388 882 1455 ἐγώ
934 1391 1051 1458 εἰμι
1105 1390 1258 1456 Θεδς,
1296 1392 1325 1444 ὁ
1383 1392 1548 1444 πάλαι
1603 1393 1692 1446 τὸν

142 1476 365 1546 Ἰσραὴλ
395 1480 451 1531 ὲν
494 1478 730 1549 Ἐρυθρᾷ
759 1476 1001 1550 θαλάσσῃ
1036 1478 1327 1547 διαγαγὼν,
1364 1483 1457 1534 καὶ
1488 1480 1688 1548 σώσας,

127 1567 231 1618 atat
287 1567 512 1637 θρέψας,
539 1569 632 1621 καὶ
676 1570 740 1621 ὲκ
792 1568 1037 1632 δουλείας
1095 1570 1257 1623 αὑτὸν
1320 1571 1693 1641 ἐλευθερώσας

125 1653 213 1709 Φα
224 1657 357 1726 ραώ.

204 1746 378 1815 Λόγον
410 1748 712 1816 συνέστησα
754 1748 843 1800 τὸν
875 1746 1104 1817 οὐρανὸν
1142 1748 1256 1817 ἃμα
1309 1752 1375 1820 τῇ
1408 1753 1477 1821 γῇ
1512 1766 1525 1781 ’
1569 1768 1695 1803 συν-

128 1835 286 1905 ήμην
315 1835 421 1904 γάρ
442 1835 519 1904 τῷ
549 1838 741 1905 Πατρὶ,
775 1835 869 1889 καὶ
884 1836 970 1889 διὰ
1000 1837 1156 1903 λόγου
1184 1838 1331 1907 φέρω
1348 1838 1463 1891 τόδε
1486 1840 1545 1891 τὸ
1572 1842 1698 1905 πᾶν,

126 1922 209 1986 ὡς
233 1925 421 1992 Λόγος,
452 1924 546 1978 καὶ
600 1926 791 1993 Σοφία,
823 1927 914 1979 καὶ
958 1927 1217 1998 Δύναμις,
1247 1930 1341 1982 καὶ
1389 1928 1572 1996 εἰκὼν,
1604 1931 1696 1981 καὶ

131 2029 299 2066 συνου
309 2016 454 2083 ργὸς,
486 2016 577 2067 καὶ
616 2016 887 2085 ίσουργός.

204 2106 301 2166 Τίς
335 2106 555 2175 χρόνους
593 2107 745 2160 ἔθετο
772 2126 785 2172 ;
819 2108 915 2171 Τίς
943 2109 971 2160 ὁ
1014 2107 1215 2172 αίῶνας
1247 2111 1529 2181 συντηρῶν
1558 2129 1571 2175 ς
1600 2113 1696 2176 Τίς

124 2194 246 2249 ὀτδ
296 2198 403 2249 πᾶν
441 2196 637 2267 ὁρίζων
683 2199 779 2250 καὶ
833 2200 1125 2266 συγκινῶν,
1162 2201 1209 2251 εί
1242 2200 1319 2269 μὴ
1367 2203 1395 2254 ὁ
1446 2202 1696 2272 άνάρχως

129 2284 308 2337 συνὼν
335 2285 423 2338 ἀεὶ
443 2284 523 2355 τῷ
549 2285 744 2357 Πατρὶ,
774 2285 962 2354 ὥσπερ
987 2286 1145 2350 ἀκτὶς
1170 2287 1227 2339 ὲν
1257 2287 1333 2356 τῷ
1358 2288 1516 2356 φωτί.

200 2452 271 2511 Ὠ
303 2460 400 2529 τῆς
433 2460 672 2531 άμίτρου
704 2476 797 2513 σου
833 2458 1457 2530 φιλανθρωπίας,⁹1ησοῦ
1483 2464 1495 2516 l
1528 2464 1695 2531 ἐγνώ-

128 2567 291 2621 ρισας
326 2550 433 2621 γὰρ
470 2552 601 2621 ἡμῖν
633 2552 732 2620 τῆς
766 2552 1076 2614 συντελείας
1117 2551 1321 2605 ἄνωθεν
1352 2552 1443 2605 τὸν
1484 2554 1694 2623 καιρὸν,

128 2642 382 2710 καλύψας
409 2642 508 2711 τὴν
537 2640 682 2709 ὥραν
703 2656 717 2670 ο
751 2640 1031 2710 τρανώσας
1059 2641 1115 2694 δὲ
1142 2641 1427 2713 τηλαυγῶς
1470 2643 1539 2697 τὰ
1566 2645 1697 2697 ὐπο-

130 2733 403 2801 δείγματα
440 2732 633 2799 αὐτῆς.

207 2824 393 2876 Πάντα
445 2823 770 2875 ἐπίστασαιο
804 2822 983 2875 πάντα
1042 2822 1355 2890 γινώσκεις,
1373 2823 1582 2895 ’ῐησοῦ’
1621 2825 1697 2889 ώς

132 2916 274 2983 ἔχων
328 2915 386 2965 ὲν
435 2914 519 2965 σοὶ
562 2911 622 2963 τὸ
655 2913 920 2983 πατρικὸν
951 2912 1168 2981 ἀξίωμα
1209 2913 1424 2977 θεῖκῶς,
1459 2916 1551 2967 καὶ
1579 2916 1697 2968 ὅλον

132 3009 194 3060 τὸ
242 3004 464 3075 Πνεῦμα
504 3004 760 3075 ὲμφύτως
812 3003 996 3075 φέρων
1054 3005 1112 3057 ὲν
1167 3006 1268 3071 σοὶ,
1319 3005 1380 3058 τὸ
1431 3007 1698 3061 συναϊδιον

134 3096 331 3168 Πατρί.
932 3138 937 3151 .
1658 3108 1663 3114 ’

205 3187 452 3241 Δέσποτα
498 3186 689 3257 Κύριε,
725 3189 752 3241 ὁ
790 3186 899 3240 τῶν
940 3186 1134 3241 αίώνον
1188 3187 1437 3257 ποιητὴς,
1473 3189 1701 3255 ἀξίωσον
1730 3186 1772 3243 C

135 3278 232 3330 xui.
282 3278 433 3347 ἡμᾶς
492 3277 591 3347 τῆς
630 3278 780 3347 ἱερᾶς
827 3278 1042 3347 ἐκείνης
1069 3279 1189 3332 τότε
1227 3280 1411 3348 φωνῆς
1446 3280 1699 3344 ἀκοῦσαι,

1790 590 1926 657 justi
1956 588 2168 643 Judicis
2201 588 2463 641 adventus
2493 600 2655 653 prope
2686 593 2791 636 est.

2403 674 2466 728 In
2529 674 2741 739 θείμαν.

1868 767 2195 819 lntcmerata
2227 764 2315 817 Dei
2358 778 2553 833 parcns
2583 761 2771 830 Virgo,
2819 760 2932 812 sola
2974 758 3199 811 omnino
3229 757 3344 810 lau—

1795 855 2012 919 dabilis,
2046 853 2244 908 Filium
2275 861 2425 908 tuum
2457 867 2555 921 pro
2584 853 2758 905 servis
2787 849 2893 902 luis
2921 863 3107 900 exora.

2148 945 2365 998 llirmus
2428 944 2588 997 alius.
2660 939 2790 993 Ton.
2848 940 3004 992 idem.

1868 1036 2075 1099 Videte,
2118 1036 2299 1090 videte
2331 1035 2457 1103 quia
2514 1048 2615 1101 ego
2664 1047 2783 1085 sum
2834 1029 2997 1092 Deus,
3029 1028 3119 1097 qui
3169 1027 3350 1097 prius~

1798 1140 1959 1192 quam
2003 1124 2316 1178 universum
2351 1122 2523 1183 fieret,
2557 1121 2867 1186 caelumque
2920 1126 2973 1171 et
3022 1129 3169 1169 terra
3218 1131 3351 1167 eon-

1798 1222 2029 1275 starent,
2059 1214 2240 1267 omnia
2276 1214 2435 1277 novi;
2468 1221 2617 1263 totus
2641 1210 2918 1263 cxsistens
2965 1208 3017 1260 in
3065 1203 3244 1269 Patre,
3291 1217 3353 1256 ac

1798 1314 1967 1358 totum
2002 1306 2053 1357 in
2083 1320 2167 1357 me
2202 1303 2415 1356 Patrem
2449 1301 2651 1355 ferens.

1868 1393 2081 1457 Videte,
2112 1393 2290 1447 videte
2330 1392 2457 1460 quia
2488 1407 2587 1461 ego
2632 1406 2752 1444 sum
2787 1389 2950 1452 Deus,
2984 1387 3072 1455 qui
3103 1386 3234 1439 olim
3271 1386 3351 1439 ls-

1801 1484 1909 1538 rael
1947 1500 2041 1554 per
2076 1498 2224 1537 mare
2258 1480 2499 1536 Rubrum
2542 1479 2740 1534 deduxi
2777 1478 3089 1546 salvavique
3118 1483 3173 1531 et
3216 1478 3354 1542 alui,

1800 1584 1962 1644 atque
1992 1589 2021 1627 a
2062 1572 2364 1628 Pharaonis
2395 1572 2659 1628 servitute
2686 1569 2933 1623 liberavi.

1870 1749 2047 1806 Verho
2099 1749 2319 1806 condidi
2351 1749 2548 1803 malum
2592 1756 2646 1800 et
2692 1754 2891 1799 terram
2932 1762 2943 1796 :
2985 1742 3181 1811 quippe
3206 1754 3354 1795 eram

1734 1847 1773 1900 Β
1802 1859 1924 1898 cum
1980 1842 2160 1907 Patre,
2192 1842 2485 1908 verboque,
2522 1839 2689 1891 hocce
2726 1836 3038 1888 universum
3076 1840 3253 1900 porto,
3300 1839 3358 1883 ut

1801 1934 1892 2004 qui
1926 1931 2184 1995 Verbum,
2218 1929 2621 1999 Sapientiaque.
2646 1936 2698 1980 et
2732 1924 2918 1978 Virtus
2972 1924 3073 1978 sim
3100 1924 3123 1960 ³
3147 1963 3160 1985 ,
3193 1920 3355 1973 simul

1803 2039 1865 2078 ac
1897 2025 2011 2091 pari
2051 2038 2174 2077 cum
2209 2022 2364 2075 Patre
2401 2026 2669 2088 potestate
2716 2032 2901 2084 agens.

1871 2112 2006 2177 Quis
2043 2119 2285 2179 tempora
2336 2108 2554 2178 posuit?
2604 2107 2738 2171 Quis
2793 2112 3082 2156 COIIS=‘I‘\'M
3120 2099 3360 2153 smitula?

1801 2202 1934 2268 Quis
1987 2202 2302 2255 universum
2366 2198 2590 2260 deﬁnit,
2654 2201 3111 2259 couuuowtque,
3167 2197 3361 2257 pra‘ter

1801 2309 1946 2360 eum,
1979 2294 2073 2363 qui
2110 2298 2194 2347 est
2218 2301 2478 2346 aiternum
2510 2302 2631 2342 cum
2662 2284 2844 2349 Patre,
2874 2292 3133 2352 tauquam
3175 2281 3359 2335 radius

1804 2387 1856 2441 in
1912 2384 2068 2439 luce?
2989 2435 2999 2447 ,

1872 2476 1916 2531 Ο
1967 2477 2287 2529 immensam
2337 2479 2519 2534 tuam,
2558 2485 2591 2525 ο
2624 2466 2772 2533 les",
2821 2463 3202 2520 clementiam!
3240 2458 3356 2513 Jam

1800 2570 1999 2640 quippe
2046 2569 2175 2620 olim
2231 2563 2719 2620 consummationis
2776 2555 3066 2612 deelarasti
3122 2565 3354 2621 tempus.

1803 2661 1937 2714 hora
2022 2658 2350 2722 occultata;
2418 2655 2577 2724 cujus
2645 2650 3004 2707 nihilominus
3076 2645 3361 2715 perspicua

1802 2748 2041 2803 edideris
2070 2746 2339 2813 exempla.

1874 2838 1994 2892 Scis
2040 2836 2254 2900 omnia;
2297 2832 2439 2887 nosti
2499 2830 2701 2893 omnia,
2734 2843 2767 2881 o
2826 2826 2995 2880 Jesu!
3057 2829 3115 2875 ut
3162 2823 3215 2875 in
3257 2835 3364 2888 quo

1803 2927 2093 2982 divinitate
2137 2934 2360 2994 paterna
2411 2921 2647 2987 dignitas
2678 2917 2941 2976 exsistat;
2976 2928 3038 2965 ac
3062 2912 3153 2979 qui
3192 2919 3363 2961 totum

1804 3018 2029 3071 insitum
2091 3015 2144 3069 in
2201 3022 2251 3067 te
2318 3010 2463 3065 feras
2520 3018 2852 3063 comternum
2902 3003 3049 3057 Patri
3103 2999 3363 3069 Spiritum

1803 3115 2078 3161 sanctum.

1879 3193 2017 3247 llere
2047 3193 2290 3254 Domine.
2311 3193 2538 3246 Creator
2561 3188 2919 3252 smeulorum;
2951 3184 3058 3248 l'ac,
3085 3199 3289 3255 qumso,
3310 3192 3367 3235 ut

1802 3294 1857 3341 et
1893 3287 2001 3355 ipsi
2046 3300 2260 3339 sacram
2307 3283 2452 3337 illam
2491 3292 2622 3334 tunc
2679 3294 2862 3332 vocem
2905 3276 3091 3330 audire
3160 3292 3365 3329 merea-

138 3366 409 3436 καλούσης
438 3368 564 3431 τοὺς
604 3366 893 3430 ὲκλέκτους
922 3367 1013 3420 τοῦ
1045 3368 1279 3438 Πατρδς,
1310 3370 1389 3431 εἰς
1427 3369 1702 3437 βασιλείαν

1806 3394 1947 3441 mur,
1983 3388 2265 3432 vocantem
2297 3376 2499 3431 electos
2530 3375 2580 3427 iu
2612 3386 2838 3442 regnum
2868 3371 3131 3424 cmlorum
3152 3360 3201 3417 ¹¹.

141 3459 410 3529 οὐρανῶν.

824 3551 1000 3615 Δόξα.

214 3644 449 3713 ’Λναρχε
496 3642 723 3695 ἂκτιστε
766 3642 957 3710 Τριὰς,
987 3641 1253 3712 ἀμέριστε
1285 3640 1451 3707 μονάς
1472 3658 1485 3670 ·
1515 3643 1547 3709 ὴ
1578 3641 1703 3709 τρία

2491 3551 2701 3605 Gloria.

1874 3645 2097 3701 Eterna
2152 3647 2397 3700 increala
2458 3643 2739 3701 Trinitas,
2794 3637 3071 3691 individua
3134 3633 3367 3696 (initas,

141 3734 277 3791 οὖσα
330 3737 426 3790 καὶ
487 3736 584 3788 ἔν’
619 3734 828 3805 Πατὴρ,
893 3735 1036 3797 Υἱὸς,
1104 3736 1196 3786 καὶ
1248 3734 1511 3803 Πνεῦμα·
1566 3727 1645 3795 εἷς
1677 3735 1702 3785 ὁ

1805 3739 1910 3791 tria
1945 3738 2241 3799 exsistens.
2278 3748 2599 3803 unumque:
2646 3729 2829 3789 Pater.
2875 3726 3067 3785 Filius.
3106 3722 3370 3792 Spiritus-

141 3827 273 3889 Θεός
304 3844 316 3858 ·
351 3827 649 3895 προσδέχου
686 3825 778 3878 τὸν
818 3820 1079 3893 ὕμνονὲκ
1117 3824 1225 3876 τῶν
1256 3822 1497 3892 πηλίνων
1524 3823 1705 3889 γλωσ-

143 3921 249 3974 σῶν
278 3920 353 3982 ὡς
380 3921 443 3972 ὲκ
474 3918 754 3990 στομάτων
782 3916 1083 3987 φλογερῶν.

800 4012 1041 4069 Θεοτόκ.

212 4107 485 4176 Σκήνωμα
535 4102 687 4170 ἄξιον
728 4099 946 4171 ὤφθης,
980 4099 1224 4169 Παρθένε
1257 4101 1351 4153 τοῦ
1413 4099 1547 4153 Θεοῦ
1581 4115 1591 4127 ’
1650 4102 1709 4153 ἐν

1806 3848 1933 3899 que,
1986 3829 2126 3884 Deus
2160 3844 2337 3893 unus;
2388 3842 2418 3880 a
2459 3827 2618 3880 luteis
2671 3822 2889 3893 linguis,
2924 3834 3023 3873 ceu
3075 3816 3143 3870 ab
3200 3818 3374 3884 igneis

1809 3922 2025 3990 suscipe
2061 3921 2356 3973 canticum.

2426 4006 2490 4061 In
2534 4005 2750 4073 Deipar.

1883 4098 1973 4153 Dei
2009 4098 2419 4154 tabernaculum
2474 4106 2727 4152 sanetum
2780 4093 2921 4148 facta
2971 4106 3051 4153 es,
3106 4105 3138 4142 ο
3169 4087 3371 4159 Virgo;

145 4200 228 4252 eoi.
252 4198 359 4266 γὰρ
393 4197 503 4249 τῶν
544 4194 788 4265 οὐρανῶν
825 4197 853 4248 ὁ
893 4194 1146 4264 βασιλεὺς
1194 4194 1424 4262 οἰκήσας
1468 4209 1702 4262 σωματι-

1813 4189 1863 4243 in
1898 4197 1949 4242 te
1970 4189 2114 4242 enim
2147 4189 2410 4242 cmlorum
2456 4185 2567 4240 Rex
2617 4200 2847 4254 corpore
2889 4182 3215 4250 hospitatus,
3253 4197 3375 4247 spe-

144 4291 275 4354 κῶς,
330 4288 598 4359 προῆλθεν
646 4287 868 4357 ὡραῖος,
928 4286 1020 4338 τὸν
1081 4285 1365 4354 ἄνθρωπον
1414 4284 1472 4336 ὲν
1532 4281 1702 4351 ἑαυτῷ

1811 4279 1995 4333 ciosus
2046 4274 2593 4348 processit‘uotum
2646 4275 2698 4328 in
2751 4290 2807 4329 se
2847 4274 3143 4333 hominem,
3192 4272 3372 4322 divina

142 4379 543 4451 ἀναμορφώσας
571 4377 790 4440 θεῖκῶς.

492 4472 632 4526 Καθ.
655 4465 751 4537 ἦχ.
771 4464 851 4531 β’.
878 4464 1366 4533 Ε’ὺσπλαγχνιάς.

1812 4370 2047 4441 quadam
2074 4368 2382 4435 reformatis
2410 4368 2639 4421 ratione.

1961 4462 2140 4525 Galla,
2181 4478 2272 4515 seu
2312 4463 2496 4515 sessio.
2533 4470 2640 4523 ton.
2686 4458 2740 4511 2.
2778 4455 3183 4509 Misericordiw.

126 4532 139 4607 ἶ
214 4556 597 4626 Εὐσπλαγχνία
632 4532 968 4625 κινούμενος,
1008 4532 1230 4623 Χριστὲ,
1266 4550 1531 4614 ἑκουσίως
1577 4565 1702 4621 προ-

1886 4552 2261 4606 Misericordia
2300 4560 2499 4612 motus.
2530 4548 2769 4607 Christe.
2797 4548 2939 4599 ultro
2966 4545 3031 4598 ad
3060 4546 3368 4613 passionem

144 4648 280 4718 ἔρχῃ
316 4645 410 4698 τοῦ
441 4645 657 4709 παθεῖν,
695 4643 982 4715 εὐεργέτει,
1013 4642 1179 4693 θέλων
1204 4641 1310 4692 τῶν
1344 4639 1532 4692 παθῶν
1563 4640 1702 4709 ὑμᾶς

1804 4645 2159 4714 processisti,
2215 4658 2247 4696 o
2294 4642 2569 4701 beneﬁce,
2617 4655 2726 4708 quo
2777 4652 2874 4691 nos
2925 4653 2953 4689 a
3021 4636 3370 4704 passiouihus

144 4737 546 4809 λυτρώσασθαι,
570 4736 664 4789 καὶ
698 4736 798 4805 τῆς
838 4736 896 4787 ὲν
938 4733 1015 4803 τῷ
1044 4733 1147 4806 ᾅδῃ
1184 4732 1586 4801 κατακρίσεως.
1619 4730 1702 4783 Ali

1806 4736 2065 4805 vitiisque
2096 4748 2158 4787 ac
2192 4732 2389 4787 inferni
2430 4731 2780 4785 damnatione
2813 4728 3129 4781 redimeres.
3163 4726 3367 4791 Qu:un-

148 4830 242 4884 σοῦ
290 4827 358 4881 τά
417 4827 576 4896 τίμια
623 4823 974 4895 άνυμνοῦμεν
1024 4822 1365 4892 παθήματα,
1395 4822 1491 4873 καὶ
1552 4818 1712 4885 δοξά-

1806 4826 1995 4880 ol2rem
2039 4835 2163 4879 tuas
2201 4822 2423 4878 cantico
2474 4821 2759 4889 passiones
2794 4816 3102 4879 laudamus,
3151 4829 3374 4868 omnes-

144 4923 341 4990 ζομεν,
379 4918 582 4989 Σῶτερ,
614 4917 712 4987 τὴν
771 4916 947 4985 ἄκραν
1009 4928 1101 4967 σου
1156 4912 1355 4975 πάντες
1426 4911 1702 4980 συγκατά-

1809 4930 1915 4985 que
1944 4930 2063 4970 eam
2120 4913 2512 4985 gloriﬁcamus,
2544 4926 2575 4961 ο
2627 4909 2898 4973 Salvator,
2951 4922 3058 4976 qua
3113 4914 3164 4961 te
3214 4906 3374 4961 nobis

145 5014 322 5065 ὅλοιν.

600 5096 736 5169 ᾨδή
790 5103 863 5162 η’.
904 5095 966 5148 'o
1020 5094 1256 5163 Είρμός.

221 5188 477 5257 ’Ἄγγελοι
539 5187 633 5240 καὶ
687 5185 939 5255 οὐρανοὶ,
992 5185 1084 5237 τὸν
1138 5185 1229 5235 ἐπὶ
1292 5182 1482 5245 θρόνου
1552 5180 1710 5252 δόξης

147 5278 648 5350 ὲποχούμενον,καὶ
688 5276 763 5340 ώς
811 5277 945 5329 Θεὸν
993 5275 1286 5330 άπαύστωε
1332 5272 1709 5343 δοξαζόμενον,

148 5371 439 5441 ειλογεῖτε,
464 5372 682 5442 ὑμνεῖτε
734 5370 825 5421 καὶ
857 5367 1195 5439 ὑπερυψοῦτε
1229 5368 1309 5429 είς
1340 5366 1547 5428 πάντας
1586 5366 1713 5429 τοὺς

150 5464 316 5518 αἰῶνα
330 5484 370 5526 ;.

221 5556 437 5619 Πάντως
467 5556 723 5626 ἦκουσας,
750 5553 917 5625 ψυχὴ,
952 5553 1064 5614 πῶς
1095 5554 1122 5604 ὁ
1149 5552 1384 5621 Χριστὸς⁸
1408 5553 1513 5614 τοῖς
1547 5549 1711 5613 θείοις

220 5764 245 5808 ι
282 5756 445 5814 Hebr.
500 5775 539 5820 ι.
569 5759 622 5815 3.
696 5758 724 5799 ιι
773 5757 959 5813 Matth.
998 5773 1120 5822 xw,
1152 5756 1239 5811 54.

1328 5756 1340 5797 i
1379 5754 1518 5811 Psal.
1564 5770 1715 5823 xvul,
1752 5754 1804 5813 6.

1817 5022 2029 5063 summe
2055 5005 2355 5064 inclinasti,
2389 5002 2784 5073 dignationem.

2344 5094 2454 5150 Ode
2504 5096 2557 5147 8.
2610 5094 2846 5147 Hirmus.

1886 5190 2097 5261 Angeli,
2144 5189 2393 5256 ccelique,
2434 5203 2557 5241 eum
2606 5186 2694 5253 qui
2745 5185 2897 5239 sedet
2931 5183 2983 5236 in
3022 5182 3220 5236 throno
3255 5182 3376 5250 glo-

1818 5283 1935 5348 riae,
1971 5298 2034 5336 ac
2073 5282 2217 5336 velut
2248 5280 2407 5343 Deus,
2453 5279 2795 5331 incessanter
2817 5274 3175 5345 glorificatur,
3208 5271 3377 5325 liene-

1816 5375 2004 5438 dicite,
2044 5374 2272 5437 laudate,
2298 5382 2352 5428 et
2384 5370 2783 5441 super-exaltatc
2817 5383 2909 5438 per
2942 5366 3125 5421 omnia
3153 5366 3374 5420 smcula.

1892 5553 2072 5617 Plane,
2106 5569 2137 5608 ο
2169 5553 2372 5618 anima,
2408 5551 2628 5615 audisti,
2672 5558 2729 5602 ut
2765 5548 3020 5603 Christus
3054 5544 3254 5601 divinis
3288 5542 3377 5598 die
