4124 6450
108 380 281 446 1Π3
1369 372 1686 432 TRIODIA

1813 375 1893 434 η.
1934 375 2158 434 ΙῐΕΒΙ).
3239 374 3378 440 1414

194 489 282 543 Ὠ
312 488 597 560 μακαρίων
620 483 814 553 χειρῶν
839 484 851 536 l
904 483 968 535 ’Ὠ
996 481 1197 551 τριχῶν
1225 481 1315 532 καὶ
1345 481 1572 549 χειλέων
1612 481 1712 532 τῶν

1891 484 1934 538 Ο
1968 491 2150 538 beatas
2181 468 2477 538 manule
2509 483 2690 538 crines
2715 491 2767 537 ct
2796 483 2934 538 labia
2975 485 3168 540 sobria;
3202 504 3376 542 ιυρισ-

105 583 227 651 τῆς
262 578 541 646 σώφρονος
574 576 795 644 πόρνης,
832 569 918 636 αἷς
949 574 1163 651 ἐπέχεε,
1197 572 1402 639 Σῶτερ,
1432 570 1493 620 τὸ
1546 571 1712 640 μῦρον

1820 575 2005 626 tricis!
2041 573 2247 637 Manus,
2285 574 2749 641 inquam,quihus
2779 575 2887 626 tuis
2921 575 3168 642 pedibus,
3202 589 3234 628 0
3258 575 3378 629 Sal-

109 648 274 739 πρὸς
307 669 430 729 τοὺς
469 665 652 728 πόδας,
688 648 1323 735 ἐκμασσομένηάὑτοῦς,
1356 660 1572 720 πυκνῶς
1617 677 1712 712 κα-

1819 674 1992 726 valor,
2026 663 2213 716 atl‘ud'rt
2240 672 2592 734 unguentum,
2613 671 2896 732 cxtcrgcns
2931 665 3066 733 ipsa,
3093 679 3154 717 ac
3179 667 3378 720 crebro

105 761 366 828 ταφιλοῦ
379 775 462 816 σα.

1815 754 2140 807 densetdans
2174 753 2214 805 ί.

208 847 591 916 Ἀνακειμένῳ
617 846 778 916 γυνὴ,
805 845 1074 898 ὲπιστᾶσά
1107 861 1208 904 σοι,
1244 844 1404 912 Λόγε,
1432 845 1568 914 πρὸς
1589 843 1710 904 τοὺς

1884 840 2250 895 Revttmbente
2281 851 2349 905 te,
2385 842 2448 894 ad
2483 851 2626 905 tuos,
2664 841 2916 904 Verbum,
2955 845 3150 899 mulier
3189 847 3376 916 lugens

112 940 310 1001 πόδας
344 937 637 1008 θρηνοῦσα,
673 937 734 989 τὸ
763 937 1137 1004 ἀλάϐαστρον,
1175 936 1378 1005 Σῶτερ,
1411 935 1502 988 τοῦ
1541 933 1711 1004 μύρου

1815 933 2078 985 accedens
2102 932 2279 999 pedes,
2311 935 2644 986 alabastrum
2668 935 2923 1002 unguenti
2946 935 3267 1004 oSalvator,
3294 941 3377 992 el-

116 1030 458 1090 κατεκένου,
511 1028 602 1080 ἐπὶ
629 1027 724 1097 τὴν
759 1027 856 1098 σὴν
886 1026 1128 1096 κεφαλὴν
1180 1024 1274 1078 τοῦ
1305 1026 1575 1079 ἀθανάτου
1615 1027 1712 1096 μύ-

1816 1025 1970 1090 fudit,
2005 1041 2168 1094 super
2195 1035 2353 1095 caput
2379 1037 2527 1080 tuum
2563 1028 2885 1081 immortalis
2912 1032 3195 1098 unguenti.

116 1133 256 1187 ρου.

824 1207 998 1271 Δόξα.

198 1293 314 1345 Σὺν
341 1293 416 1364 τῷ
448 1296 620 1365 [Iatth
646 1295 739 1347 τὸν
771 1295 918 1360 Υἱδν,
952 1299 1045 1349 καὶ
1071 1296 1131 1349 τὸ
1161 1297 1314 1365 ἄγιον
1341 1297 1582 1368 Πνεῦμα,
1615 1301 1712 1371 τὴν

114 1384 305 1452 ἁγίαν
348 1386 554 1454 Τριάδα
586 1387 642 1436 ὲν
673 1388 886 1455 θεότητι
933 1389 1050 1456 μιᾷ,
1104 1389 1398 1458 δοξάζομεν
1450 1391 1709 1459 βοῶντεςο

119 1477 352 1540 Ἄγιος,
381 1477 551 1541 ἅγιος,
587 1478 741 1545 ᾰγιος
763 1474 811 1529 εἷ
843 1481 921 1538 εἰς
951 1481 1077 1541 τοὺς
1111 1480 1330 1543 αἰῶνας.

767 1569 877 1620 Kal
909 1569 1043 1621 νῦν.

198 1654 340 1716 Ταῖς
371 1655 619 1721 ἱκεσίαις,
664 1658 867 1727 Σῶτερ,
899 1661 994 1723 τῆς
1027 1658 1294 1729 ἀχριὶντου
1343 1664 1548 1731 μητρός
1595 1680 1710 1727 σου,

118 1743 224 1795 καὶ
255 1744 366 1794 τῶν
401 1743 508 1796 σῶν
560 1745 905 1810 ἀποστόλων,
948 1747 1015 1797 τὰ
1070 1748 1193 1813 ὲλέη
1231 1765 1323 1798 σου
1363 1751 1492 1816 ἡμῖν
1546 1752 1712 1802 κατά-

117 1832 352 1901 πεμψον
386 1833 674 1898 πλουσίως,
725 1835 819 1888 καὶ
849 1836 945 1905 τὴν
985 1837 1207 1906 εἰρήνην
1271 1837 1368 1909 τὴν
1406 1839 1524 1910 σὴν,
1567 1858 1708 1914 παρ-

120 1921 304 1992 άσχου
333 1923 409 1993 τῷ
438 1921 550 1992 λαῷ
585 1939 700 1976 σου.

609 2012 748 2082 ’ῼὸὴ
789 2016 857 2066 θ’.
903 2014 963 2067 '0
990 2018 1228 2083 Ειρμός.

198 2104 315 2172 Τὴν
343 2102 636 2173 ὑπερφυῶς
667 2104 852 2174 σαρκὶ,
893 2106 1264 2160 συλλαὸοῦσαν
1290 2109 1348 2160 ὲν
1378 2109 1596 2178 γαστρὶ,
1621 2109 1712 2163 τὸν

123 2197 191 2250 ἐκ
218 2195 434 2265 Πατρός
460 2197 704 2266 ἁχρόνως
738 2199 1194 2270 προεκλάμψαντα
1220 2199 1396 2268 λόγον,
1421 2201 1516 2271 τὴν
1543 2203 1712 2272 μόνην

123 2288 394 2340 Θεοτόκον
427 2287 802 2359 μεγαλύνομεν
836 2292 1068 2352 πιστῶς.

215 2379 512 2450 Ἐργασίας
549 2380 576 2431 6
617 2380 804 2448 καιρός
827 2396 839 2409 ·
875 2381 1147 2454 σωτηρίας
1193 2383 1220 2435 6
1253 2384 1452 2446 σκοπός
1479 2401 1493 2415 ο
1525 2383 1587 2436 τδ
1619 2385 1712 2436 τά-

128 2470 325 2525 λαντον
382 2470 657 2535 λαϐοῦσα,
701 2473 800 2542 τὴν
848 2472 1081 2541 ἀρχαίαν
1144 2474 1349 2538 εἰκόνα,
1394 2474 1539 2543 ψυχή
1585 2492 1708 2544 μου,

128 2561 446 2632 ὲμπορεύου
478 2563 576 2630 τὴν
607 2561 828 2615 αἰώνιον
856 2563 1024 2632 ζωήν.

215 2653 305 2714 Ὠς
341 2653 630 2722 λαμπάδας
657 2655 925 2722 φωτεινας
984 2654 1353 2723 κοσμηθέντες
1383 2656 1480 2720 τὰς
1510 2655 1709 2727 ψυχὰς,

129 2742 214 2814 τῷ
235 2744 473 2812 Νυμφίῳ
499 2745 764 2815 χωροῦντι
786 2746 920 2814 πρὸς
938 2748 1040 2798 τὸν
1074 2746 1350 2816 ἄφθαρτον
1381 2748 1580 2816 γάμον,
1607 2750 1712 2821 πρὸ

133 2832 233 2885 τοῦ
263 2833 361 2902 τὴν
385 2831 552 2901 θύραν
581 2833 808 2896 κλεῖσαι,
845 2833 1273 2902 συνεισέλθωμεν
1300 2835 1464 2902 αὐτῷ.

210 2924 389 2986 Δεῖξαι
423 2922 610 2985 θέλων,
654 2921 858 2990 Ἰησοῦ,
899 2922 958 2973 τὸ
1005 2923 1282 2995 ὑπερφυὲς
1332 2925 1427 2992 τῆς
1475 2924 1572 2993 σῆς
1614 2943 1710 2978 τα-

141 3011 452 3073 πεινώσεως
509 3013 694 3075 πᾶσιν,
740 3012 1017 3082 είστιάθης
1065 3015 1124 3065 ὲν
1157 3014 1290 3082 οῐκῳ
1331 3015 1424 3066 τοῦ
1468 3016 1710 3084 Σίμωνος

138 3103 453 3172 δειπνήσας,
481 3103 588 3156 τῶν
621 3103 927 3179 πεινώντων
1027 3107 1222 3174 τροφή.

218 3193 414 3262 "Apto;
458 3191 534 3245 ὣν
591 3193 852 3258 ζωοποιὸς
899 3194 1214 3263 εἱστιάθης,
1252 3194 1448 3264 Ἰησοῦ,
1509 3196 1711 3266 Σίμωνι

142 3285 441 3353 Φαρισιίῳ,
473 3285 560 3338 ἵνα
593 3287 766 3355 πόρνη
803 3287 1040 3358 κερδήσῃ
1072 3287 1166 3357 τὴν
1195 3288 1438 3355 ἄπρατόν
1487 3304 1580 3340 σου
1619 3291 1714 3359 χά-

151 3391 234 3447 ριν
271 3373 361 3426 τοῦ
381 3374 564 3444 ’μύρου
601 3377 666 3450 τῇ
694 3374 941 3429 κενώσει.

219 3551 408 3620 Χεῖρες
439 3550 683 3621 ῥυπαραί
704 3567 717 3581 ’
751 3552 903 3622 χείλη
958 3551 1162 3622 πόρνης
1212 3553 1269 3604 ὲν
1302 3551 1454 3620 ἐμοί·
1488 3552 1716 3620 ἄναγνός

153 3657 251 3709 μου
288 3643 315 3694 6
344 3643 482 3710 βίοςο
509 3642 824 3713 ἐφθαρμένα
853 3645 918 3695 τα
953 3643 1092 3714 μέλη
1117 3660 1129 3674 ·
1170 3642 1286 3696 ἀλλ’
1321 3642 1447 3706 ἄνες
1498 3661 1585 3714 μοι
1626 3646 1718 3698 καὶ

150 3734 302 3803 ἄφες,
324 3735 422 3805 βοᾷ
451 3736 621 3806 πόρνη
653 3734 728 3804 τῷ
753 3733 994 3804 Χριστῷ.

234 3826 528 3878 Ἐπιστᾶσα
579 3825 613 3894 ἡ
668 3823 805 3894 γυνὴ
836 3824 968 3894 πρὸς
993 3824 1119 3886 τοὺς
1166 3823 1331 3887 πόδας
1361 3841 1476 3889 σου,
1512 3824 1714 3898 Σῶτερ,

151 3916 339 3985 ἀπέχεε
364 3916 423 3968 τὸ
452 3916 641 3987 μῦρον,
669 3915 897 3976 εὐωδίας
929 3914 1230 3985 πληροῦσα,
1264 3915 1357 3967 καὶ
1381 3915 1556 3986 μύρου
1579 3916 1718 3988 πλη-

157 4009 410 4078 ρουμένη,
438 4007 531 4059 τοῦ
557 4008 664 4061 τῶν
695 4006 870 4078 ἔργων
903 4005 1152 4076 ἱλασμοῦ.

232 4097 562 4168 ’Δρωμάτων
593 4099 834 4169 εὐπορῶ,
859 4097 1070 4168 ἀρετῶν
1099 4098 1154 4150 δὲ
1175 4097 1384 4169 ἀπορῶ·
1406 4098 1441 4156 ἃ
1474 4098 1600 4169 ἔχω,
1635 4101 1717 4153 σοὶ

153 4187 426 4256 προσάγω,
463 4187 550 4251 δὸς
579 4189 739 4250 αὐτὸς
773 4188 916 4259 άπερ
971 4188 1134 4259 ἔχεις,
1189 4190 1284 4243 καὶ
1320 4191 1445 4254 ἄνες
1488 4208 1577 4261 μοι
1621 4191 1718 4245 καὶ

149 4280 297 4346 ἄφες,
327 4276 422 4348 βοᾷ
451 4279 624 4349 πόρνη
651 4279 729 4349 τῷ
762 4279 1001 4351 Χριστῷ.

217 4367 394 4437 Μῦρον
426 4371 554 4441 παρ’
606 4372 729 4440 ἐμοὶ
757 4373 990 4442 φθαρτόν
1010 4389 1024 4404 ο
1049 4373 1217 4444 μῦρον
1244 4373 1395 4444 παρὰ
1420 4376 1501 4427 σοὶ
1535 4373 1679 4445 ζωῆς
1699 4393 1713 4414 η

2494 1196 2700 1248 Clario.

1881 1283 2015 1335 Cum
2053 1281 2211 1335 Patre
2232 1321 2246 1343 ,
2277 1282 2475 1336 Filium
2504 1325 2516 1346 ,
2552 1293 2909 1350 sanctumque
2938 1283 3218 1352 Spiritum,
3249 1304 3376 1342 san-

1814 1380 1954 1422 ctam
1980 1372 2032 1422 in
2063 1387 2168 1424 uua
2199 1371 2400 1424 D.-itate
2429 1371 2747 1424 Trinitatem
2778 1374 3147 1440 gloriﬁcantes
3176 1380 3375 1430 clama-

1812 1476 1932 1513 mus
1966 1477 1977 1511 :
2015 1459 2273 1522 Sanctus,
2305 1471 2549 1522 sanctus,
2575 1470 2799 1514 sanctus
2831 1476 2888 1513 es
2925 1461 2976 1513 in
3012 1467 3230 1518 saecula.

2469 1555 2533 1603 Et
2561 1567 2718 1603 nunc.

1883 1641 2218 1697 lntemeralm
2271 1641 2460 1698 Matris
2513 1655 2637 1708 tum,
2695 1656 3043 1717 tuorumque,
3097 1653 3369 1708 Salvator.

1813 1737 2183 1802 apostolorum
2227 1739 2730 1800 intercessionibus,
2766 1750 2911 1791 tuam
2950 1743 3103 1795 nobis
3141 1745 3282 1813 large
3307 1746 3373 1795 de

1811 1825 1950 1878 coelo
2007 1827 2156 1879 mitte
2201 1828 2629 1883 misericordLam
2665 1847 2679 1894 ;
2717 1846 3010 1901 pacemque
3059 1842 3229 1898 tuam,
3278 1845 3370 1888 tuo

1811 1917 2010 1985 populo
2042 1918 2238 1971 tribue.

2356 2008 2457 2063 ΟΔ.
2492 2011 2545 2064 9.
2587 2011 2825 2066 Ilirmus.

1880 2096 2010 2162 Quae
2039 2097 2274 2152 mirabili
2320 2101 2552 2164 ratione,
2592 2100 2819 2156 Verbum
2857 2119 2883 2155 a
2925 2103 3080 2157 Patre
3113 2115 3370 2161 aeternum

1809 2185 2091 2256 effulgens,
2143 2202 2306 2242 carne
2352 2192 2623 2261 concepit,
2656 2193 2826 2247 solam
2872 2193 2961 2247 Dei
3016 2194 3369 2262 Gcnitricem,

1811 2276 1914 2330 ﬁde
1952 2275 2342 2344 glorificamus.

1880 2365 2255 2438 Opportunum
2273 2380 2355 2424 est
2388 2380 2601 2440 tempus
2636 2391 2646 2424 :
2678 2373 2869 2427 salutis
2909 2379 3220 2446 propositus
3247 2396 3370 2434 sco-

1812 2475 1911 2528 pus
1943 2476 1959 2511 :
2001 2470 2222 2526 accepto
2252 2462 2452 2515 talento
2485 2463 2498 2513 i
2532 2502 2545 2526 ,
2591 2465 2784 2526 veteri,
2821 2467 3063 2535 ittquam,
3102 2471 3371 2542 imagine,

1810 2558 2066 2602 a-ternam
2101 2551 2285 2612 vitam,
2323 2566 2356 2604 ο
2389 2551 2566 2604 anima
2597 2569 2734 2616 mea,
2772 2571 3037 2611 mercare.

1884 2640 2197 2703 Mentibus.
2262 2641 2701 2712 praefulgentium
2766 2646 3134 2714 lampadarum
3203 2651 3375 2703 instar

1811 2732 2057 2794 ornatis,
2097 2732 2240 2783 eunti
2280 2733 2496 2800 Sponso
2532 2733 2594 2785 ad
2655 2733 2994 2790 inunortales
3046 2742 3266 2806 nuptias
3322 2740 3371 2804 ι,

1814 2822 2134 2889 priusquam
2166 2822 2384 2874 claudat
2414 2823 2633 2890 jzrnuam
2667 2865 2681 2886 ,
2721 2825 2947 2880 comites
2983 2826 3372 2895 ingrediantur.

1880 2912 2019 2977 Quo,
2066 2911 2215 2976 Jesu,
2261 2913 2517 2965 eximiam
2548 2923 2695 2967 tuam
2730 2917 3088 2970 humilitatem
3119 2919 3376 2972 omnibus

1810 3004 2148 3067 declarares;
2181 3013 2237 3057 tu
2268 3005 2618 3058 esurientium
2652 3007 2829 3073 cibus,
2862 3008 2915 3061 in
2950 3008 3187 3065 Simonis
3217 3011 3379 3067 domo

1739 3137 1782 3196 Ο
1811 3098 2047 3152 οωηιιτὶε
2086 3095 2130 3159 ι,
2161 3097 2412 3150 convivio
2437 3107 2701 3167 exceptus
2733 3116 2814 3153 es.

1888 3185 1969 3239 'l'u
1999 3184 2150 3252 Jcsu,
2181 3187 2428 3242 viviﬁcus
2461 3190 2637 3258 panis,
2672 3189 2924 3244 convivio
2948 3191 3175 3246 voluisti
3202 3193 3376 3261 excipi

1817 3290 1845 3327 a
1876 3273 2098 3328 Simone
2128 3276 2402 3330 l’harismo
2437 3294 2450 3330 :
2504 3285 2561 3330 ut
2590 3279 2804 3332 interim
2861 3282 3054 3334 mulier
3099 3285 3376 3350 meretrix,

1817 3365 2360 3433 unguentieti‘usioue
2393 3408 2406 3432 ,
2460 3378 2606 3422 tuam
2631 3370 2778 3424 illam
2825 3371 3379 3429 lucrifaceretinven-

1817 3456 2030 3510 dibilem
2062 3458 2312 3527 gratiam.

1888 3545 2078 3601 Munus
2105 3547 2273 3600 habeo
2293 3545 2560 3612 sordidas,
2584 3548 2726 3602 labia
2753 3549 3081 3612 tneretricis,
3108 3551 3375 3619 impuram

1816 3637 1980 3690 vitam
2006 3678 2020 3702 ,
2060 3645 2322 3705 corrupta
2356 3639 2596 3692 membra
2635 3655 2646 3690 :
2693 3639 2969 3694 enimvero
2998 3643 3212 3696 remitte
3247 3643 3378 3698 mibi

1816 3738 1870 3784 et
1911 3745 2088 3798 parce,
2121 3730 2318 3783 clamat
2352 3730 2605 3784 meretrix
2639 3731 2880 3788 Christo.

1894 3817 2173 3873 Accedens
2223 3818 2416 3872 mulier
2473 3819 2538 3873 ad
2604 3828 2772 3883 tuos,
2832 3821 3086 3876 Salvator
3119 3864 3131 3885 ,
3188 3829 3375 3893 pedes.

1817 3894 2152 3979 unguentum
2183 3909 2410 3968 aﬂudit;
2468 3910 2699 3980 implens
2747 3912 3066 3981 fragrantia,
3111 3917 3378 3986 plenaque

1816 4001 1934 4071 ipsa
1966 4010 2265 4072 unguento,
2290 4003 2695 4072 propitiationis
2725 4005 2898 4074 reipsa
2925 4016 3148 4074 paratae.

1884 4093 2124 4150 Aﬁluunt
2179 4103 2464 4160 aromata,
2537 4096 2766 4151 virtutes
2833 4098 3132 4164 deficiunt,
3209 4101 3378 4158 oﬂ‘ero

1816 4181 1956 4250 quod
1989 4181 2196 4246 habeo,
2236 4183 2355 4252 ipse
2385 4183 2452 4236 da
2494 4185 2638 4254 quod
2683 4185 2869 4253 habes,
2906 4204 2969 4242 ac
2999 4189 3126 4244 tnihi
3165 4191 3378 4248 remine

1815 4279 1867 4325 et
1893 4285 2072 4339 parce,
2114 4272 2312 4325 clamat
2343 4275 2600 4327 meretrix
2655 4272 2894 4329 Christo.

1887 4360 1981 4415 Est
2014 4361 2154 4430 apud
2197 4377 2281 4416 me
2334 4365 2690 4433 corruptibile
2738 4376 3104 4435 unguentum;
3148 4369 3289 4439 apud
3327 4383 3378 4426 te

158 4475 178 4505 ο
214 4457 395 4526 Μῦρον
422 4459 528 4529 γὰρ
552 4459 723 4528 ὄνομά
767 4477 848 4513 σοι
876 4463 1109 4516 κενωθὲν
1145 4482 1162 4515 ι
1198 4466 1307 4526 τοῖς
1337 4464 1528 4530 ἀξίοις.
1578 4466 1712 4520 Ἀλλ¹

1823 4460 2024 4515 autem,
2066 4462 2398 4520 unguentum
2427 4455 2547 4507 vitae
2577 4467 2592 4513 :_
2642 4473 2659 4506 ι
2695 4456 3067 4526 Unguentum,
3101 4462 3245 4513 enim
3281 4478 3378 4514 no-

150 4544 270 4607 ἄνες
303 4563 390 4614 μοι
424 4547 513 4599 καὶ
548 4548 715 4615 ἄφες,
748 4547 844 4620 βοᾷ
876 4550 1047 4621 πόρνη
1077 4551 1153 4621 τῷ
1185 4552 1423 4623 Χριστῷ.

833 4761 1006 4823 Δόξα.

225 4869 481 4937 Ἀναρχος
521 4865 573 4922 εἴ
621 4872 649 4922 6
693 4871 899 4941 Πατὴρ,
961 4873 1210 4937 ἄκτιστος
1240 4872 1289 4928 εἴ
1318 4878 1346 4928 6
1381 4877 1522 4943 Υἱὸς,
1584 4879 1710 4930 σύν-

155 4958 334 5029 θρονον
365 4961 456 5013 καὶ.
493 4960 552 5012 τὸ
582 4960 836 5031 Πνεῦμα·
866 4963 1006 5018 am.
1024 4966 1149 5034 τρία
1171 4969 1235 5038 τῇ
1265 4966 1446 5036 φύσει,
1469 4973 1561 5021 καὶ
1587 4969 1712 5040 τρία

155 5050 260 5112 τοῖς
283 5048 619 5121 προσώποιςο
649 5047 730 5115 εἷς
753 5053 882 5116 Θεὸς
917 5054 1190 5125 ἀληθινός.

812 5257 1047 5309 Θεοτόκ.

223 5360 462 5426 Θεοτόκε,
494 5363 526 5430 ἠ
560 5363 713 5425 ἐλπὶς
742 5364 850 5417 τῶν
870 5364 1152 5434 τιμώντων
1185 5383 1242 5418 σε
1275 5368 1382 5432 ἀεὶ,
1420 5369 1494 5440 μὴ
1528 5371 1711 5443 παύσῃ

158 5452 462 5532 δυσωποῦσα
487 5454 577 5506 τὸν
601 5457 664 5508 ἐκ
686 5455 777 5507 σοῦ
811 5456 1157 5526 γεννηθέντα,
1187 5460 1450 5530 ρυσθῆναί
1491 5481 1556 5534 με
1588 5483 1705 5517 κιν-

158 5545 332 5608 ὁᾶνων,
367 5544 457 5596 καὶ
478 5545 743 5599 παντοίων
770 5549 1109 5619 πειρασμῶν.

239 5722 362 5777 ’[.ιι‹
397 5766 409 5782 ,
445 5744 538 5792 vn,
572 5727 639 5782 38
665 5743 816 5799 seqq.
899 5727 911 5780 i
949 5728 1137 5784 Matth.
1175 5731 1404 5797 xxv,l5.
1484 5735 1509 5772 ι
1547 5735 1678 5790 ibid.
1711 5736 1761 5792 4.

1816 4557 1940 4596 men
1977 4542 2094 4604 tibi,
2124 4543 2302 4612 dignis
2333 4555 2652 4599 evacuatum
2679 4555 2753 4610 ’ς
2795 4567 2812 4598 ι
2845 4549 2977 4604 mihi
3015 4565 3143 4606 vero
3166 4554 3380 4607 remitto

1816 4643 1868 4688 et
1894 4633 2123 4698 dimitte,
2157 4635 2353 4688 clamat
2384 4637 2636 4690 meretrix
2670 4638 2908 4694 Christo.

2489 4750 2690 4805 Gloria.

1885 4853 2145 4912 Eternus
2183 4867 2267 4912 est
2298 4857 2454 4914 Pater
2487 4900 2501 4924 ,
2537 4863 2814 4917 increatus
2843 4863 3043 4930 Filius,
3079 4868 3378 4937 eodemque

1815 4945 2061 5002 sublimis
2088 4950 2284 5004 throno
2311 4949 2547 5021 Spiritus
2573 4963 2798 5009 sanctus
2826 4974 2838 5009 :
2878 4973 3043 5010 unum
3081 4959 3212 5026 quid
3249 4962 3375 5027 tria,

1812 5037 1956 5105 quod
1990 5047 2199 5106 spectat
2241 5041 2310 5095 ad
2343 5050 2618 5111 naturam,
2659 5053 2711 5098 et
2746 5047 2849 5101 tria
2889 5046 3145 5104 Personis
3183 5068 3196 5106 :
3235 5066 3377 5110 unus
3478 5108 3481 5110 _

1815 5126 1957 5182 Deus
1987 5143 2168 5184 verus.

2427 5267 2491 5322 In
2533 5271 2747 5338 Deipar’.

1880 5370 1961 5425 Τιι
1994 5371 2240 5444 θοίρατειν
2261 5394 2447 5435 eorum
2475 5399 2599 5455 spes
2628 5390 2718 5457 qui
2748 5399 2797 5443 te
2819 5406 3034 5460 semper
3059 5391 3325 5446 honorant
3359 5408 3375 5458 ς

1812 5477 1878 5516 ne
1920 5478 2101 5519 cesses
2142 5484 2367 5527 exorare
2395 5490 2459 5528 ex
2498 5487 2546 5528 te
2594 5488 2780 5542 natum
2809 5491 2863 5535 ut
2898 5498 2924 5536 a
2953 5484 3227 5555 periculis,
3260 5499 3374 5538 Otu-

1813 5554 2153 5626 nimod'rsque
2183 5567 2577 5624 tentaliouibus
2617 5573 2827 5630 liberet.

1849 5736 1861 5775 ¹
1901 5743 2035 5800 Luc.
2067 5743 2283 5809 ν11,5’ῖ.
2361 5759 2398 5786 ω
2431 5747 2588 5803 Cant.
2620 5767 2659 5815 ι,
2687 5752 2742 5805 2.
