4124 6450
115 394 245 453 usa
1546 380 1743 438 Nom

1699 379 1846 436 ITIA
1861 423 1874 436 .
3198 377 3326 436 1454

177 497 262 551 14.
283 494 471 551 XXXI.
511 494 808 565 Ἐρώτησις
836 489 1252 562 Ὠριγινιαστῶν
1285 491 1420 558 πρὸς
1451 490 1660 552 πιστόν,
1686 504 1738 557 p.
1771 489 1804 541 4

1700 504 1738 555 ο.
1771 489 1895 541 415.
1931 486 2125 558 Incipit
2161 506 2173 541 :
2207 487 2440 552 Qucstio
2465 503 2620 550 quam
2643 487 2941 556 Origenista
2959 489 3101 556 fideli
3137 505 3328 556 propo-

98 590 200 636 nit.
235 581 408 636 Vertit
441 579 846 635 Gencbratdns.
883 579 1078 645 Incipit
1113 594 1125 628 :
1167 575 1298 628 Ποία
1331 575 1670 643 δικαιοσύνη,
1697 575 1725 626 δ

1525 575 1670 643 τύνη,
1697 575 1827 627 δέκα
1855 575 1887 643 ἢ
1923 576 2262 643 πεντήκοντα
2287 576 2512 644 χρόνους
2548 575 2963 644 άμαρτήσαντός
2991 591 3153 636 τινος.

171 668 456 722 6.XXXII.
477 668 683 721 Contra
716 665 1052 717 Sarracenos
1082 660 1513 730 Theopasebitas
1546 676 1596 728 p.
1617 661 1723 714 4I5
1747 676 1812 715 ex
1833 659 2169 715 Genebrardi
2203 661 2454 716 versione
2480 678 2493 724 ;
2525 661 2714 714 Greca
2739 663 2881 714 enim
2909 659 3198 715 Gretscrus
3225 678 3332 715 non

99 753 326 821 reperit.
360 751 554 818 Incipit
581 749 732 802 tAt'io
756 750 810 801 in
835 757 1090 801 convenit:
1123 746 1472 799 Sarracenos.

177 838 266 892 13.
293 835 532 890 XXXIII.
569 836 823 902 Διάλογος
859 836 993 903 πρὸς
1020 833 1400 902 Νεστοριανόν,
1435 849 1486 902 p.
1511 832 1636 886 416.
1663 830 1805 885 υἱοί(

1707 833 1917 901 πιαίοριιι
1948 847 2065 884 cum
2087 829 2434 885 Nestoriano.
2467 829 2690 902 Incipit:
2715 829 2850 884 Ειπέ
2887 848 2998 902 μοι,
3028 835 3086 884 τὸ
3106 834 3335 900 Χριστος

99 923 297 992 ὅνομα.
331 920 506 975 Vertit
538 920 949 974 Gcncbrarclns.

490 932 506 972 ι
538 920 949 974 Gcncbrarulns.
2097 946 2118 973 ο

177 1007 419 1063 XXXIV.
454 1009 589 1078 Περὶ
620 1007 833 1077 χρόνου.
871 1005 1096 1072 Tempus
1153 1021 1221 1056 an
1280 1005 1350 1057 sit
1397 1005 1453 1056 in
1495 1007 1758 1071 tempore?
1798 1021 1805 1074 ι

1711 1007 1758 1058 εἷ)
1798 1020 1922 1074 pag.
1955 1005 2079 1058 4I'l.
2136 1005 2374 1072 Incipit:
2421 1004 2479 1056 Ὀ
2531 1003 2717 1072 χρόνος
2757 1005 2814 1055 tv
2863 1005 3038 1074 χρόνῳ
3070 1007 3102 1074 ἢ
3138 1008 3238 1058 οὒκ
3280 1011 3339 1060 ὲν

103 1097 303 1166 χρόνῳ.
335 1092 509 1147 Vertit
533 1092 770 1145 Iacobus
797 1091 1104 1144 Grctscrns.

176 1177 393 1234 XXXV.
437 1178 757 1249 Ἐρώτησις.
797 1178 1118 1243 Disceptatio
1136 1190 1262 1229 cum
1295 1174 1603 1230 Sarraceno
1659 1175 1736 1229 De
1774 1195 1804 1230 a

1711 1192 1736 1229 e
1774 1189 1990 1232 auctore
2039 1179 2159 1232 boni
2191 1189 2240 1231 et
2282 1177 2433 1237 mali.
2464 1191 2516 1244 p.
2575 1173 2702 1230 4I8.
2738 1173 2970 1246 Incipit:
3001 1176 3132 1230 Ί¹ίνα
3160 1177 3339 1245 λέγεις

103 1265 283 1320 αἴτιον
320 1266 485 1319 καλοῦ
517 1282 576 1316 τι
597 1267 692 1317 καὶ
725 1263 926 1327 nam};
959 1261 1135 1316 Vertit
1161 1264 1475 1316 Grctserns.

176 1349 419 1405 XXXVI.
473 1350 792 1420 Ἐρώτησις,
825 1349 1038 1402 oerbunt
1067 1348 1159 1402 Dei
1183 1365 1307 1401 num
1335 1361 1591 1410 creatum,
1612 1364 1681 1401 an
1707 1349 1804 1403 inci

1715 1349 2040 1404 increatum?
2065 1365 2117 1417 p.
2149 1347 2273 1402 420.
2315 1345 2514 1415 Inetptt
2542 1363 2554 1396 :
2609 1347 2691 1398 Τὰ
2721 1345 2880 1414 λόγια
2909 1347 3116 1418 Κυρίου
3146 1350 3343 1401 κτιστά

104 1436 302 1506 εισινῆ
329 1435 583 1489 duriora.
629 1435 802 1488 Vertit
823 1433 1136 1489 Gretserus.
1172 1435 1319 1488 Idem
1350 1435 1406 1488 in
1438 1436 1865 1490 controversiam
1898 1444 2149 1487 vocatum
2209 1443 2396 1487 nostra
2430 1441 2611 1487 a-tate.
2661 1430 2796 1488 Vide
2845 1432 3065 1504 Georgii
3113 1434 3344 1490 Nitschii

107 1522 519 1590 Beantuiortung
545 1521 642 1575 der
669 1519 715 1573 Ρ
720 1538 843 1591 rage
865 1538 883 1574 :
914 1519 993 1577 Ob
1022 1520 1107 1575 die
1131 1519 1337 1591 IIeiiige
1361 1519 1581 1587 Saturi/ft
1611 1519 1734 1574 Coll
1760 1522 1923 1575 selbst
1955 1537 2045 1590 sey
2067 1522 2091 1574 .’
2111 1521 2323 1583 Gottne.
2355 1521 2512 1583 1714,
2550 1521 2603 1574 4.

180 1605 444 1662 XXXVII.
471 1605 793 1677 Ἐρώτησις.
828 1609 1050 1675 quintio
1077 1607 1295 1673 duplex.
1327 1621 1434 1659 una
1468 1606 1539 1657 De
1569 1603 1747 1658 Maria
1769 1607 1808 1658 Θ

1716 1624 1747 1658 a
1769 1606 2036 1676 Θιοτόκῳ,
2060 1608 2280 1665 riealnc.
2309 1623 2379 1660 an
2403 1616 2614 1658 mortua
2641 1605 2749 1668 sit;
2782 1606 2954 1659 altera
2987 1621 3000 1656 :
3039 1604 3181 1659 Num
3207 1607 3344 1662 Deus

101 1695 398 1748 etiamnum
428 1703 564 1746 creet
584 1696 608 1748 7
631 1708 752 1764 pag.
785 1691 910 1746 421.
947 1691 1146 1762 Incipit
1171 1711 1184 1746 :
1224 1693 1329 1745 Ἦν
1358 1692 1546 1758 livere
1570 1693 1729 1746 Θεοτό

1257 1693 1329 1745 Ην
1358 1692 1546 1758 livere
1570 1693 1852 1751 Θεοτόκον.
1894 1692 2165 1746 ἀπέθανεν
2195 1692 2230 1762 ἢ
2253 1693 2342 1763 ζῇ.
2375 1691 2550 1746 Vertit
2574 1691 2885 1745 Gretserus.

179 1777 464 1851 XXXVIII.
512 1780 832 1851 Ἐρώτησις,
874 1789 992 1834 uter
1021 1780 1215 1848 major,
1253 1781 1604 1848 sanctrﬁcans
1650 1777 1807 1847 (Joan

1718 1793 1909 1833 ianncs
1958 1778 2224 1848 Baptista)
2280 1795 2350 1832 an
2404 1777 2812 1843 sanctiﬁcata“?
2846 1794 2899 1848 p.
2933 1777 3057 1832 422.
3105 1780 3200 1846 Τίς
3231 1784 3346 1835 ἐστι

104 1870 264 1937 παρα
301 1869 385 1920 σοὶ
410 1849 642 1937 psum.
682 1849 862 1922 Vertit
891 1865 1210 1922 Gretserus.

181 1951 423 2007 XXXIX.
469 1955 612 2024 Πρός
636 1971 761 2008 τινα
785 1955 1139 2024 ἐρωτήσαντα
1164 1953 1347 2007 αὐτόν.
1383 1953 1465 2008 Ad
1498 1953 1747 2023 aliquem.
1775 1969 1808 2023 q

1721 1975 1747 2019 ι,
1775 1955 1863 2023 qui
1889 1965 2225 2024 percontatus
2249 1954 2424 2025 fuerat
2464 1952 2529 2008 de
2560 1953 2904 2008 distinctione
2950 1954 3270 2008 ntundorum
3300 1967 3349 2008 et

103 2041 503 2095 irntnundorum
529 2041 944 2115 esculentoruns.
968 2049 1224 2109 quatenus
1253 2040 1350 2095 illa
1391 2041 1443 2094 in
1473 2038 1620 2093 Novo
1651 2039 1982 2097 Testamento
2015 2044 2422 2100 observaretur?
2449 2044 2650 2115 Incipit
2677 2060 2694 2100 :
2725 2044 2789 2097 Et
2811 2045 3021 2115 ἀποχὴν
3062 2046 3154 2098 καὶ
3185 2046 3353 2114 μετά-

103 2127 274 2198 ληψιν
309 2127 660 2198 ἀκαθάρτων.
697 2113 874 2182 Vertit
915 2124 1236 2184 Gretserus.
1281 2126 1587 2197 Subiicitnr
1615 2143 1670 2198 p.
1699 2126 1731 2181 4

1721 2126 1826 2183 129..
1853 2130 2115 2186 Scholion
2158 2133 2376 2187 Arethz
2413 2131 2482 2187 de
2515 2113 2709 2187 eodem
2730 2113 3078 2202 argumento.
3125 2113 3349 2198 ἄλλως,

119 2217 343 2288 Ἀρέθα,
376 2225 639 2287 notatque
670 2215 986 2278 Gretsorns.
1015 2232 1074 2273 se
1102 2219 1156 2272 in
1189 2217 1362 2273 altero
1391 2217 1654 2272 Bavarico
1691 2217 1883 2273 codice
1910 2219 2204 2288 aliquoties
2234 2219 2742 2275 dissertatiuncnlis
2765 2221 3029 2274 Abueara:
3061 2220 3162 2273 hoc
3197 2231 3354 2290 pacto

103 2306 404 2359 subn0tata
443 2304 694 2375 quaedam
749 2305 1020 2375 reperisse
1049 2323 1062 2360 :
1096 2314 1152 2361 et
1177 2305 1506 2374 ascripsisse
1535 2319 1782 2376 quoque-
1797 2306 1862 2359 ail
1893 2319 2045 2360 oram
2074 2324 2188 2366 suae
2219 2309 2489 2363 versionis
2535 2309 2742 2378 aliquot
2775 2307 3088 2374 huiusmodi
3145 2310 3353 2363 scholia

106 2393 335 2447 Aretho
358 2393 605 2462 episcopi
643 2390 928 2456 Turriani,
959 2392 1127 2455 illius.
1153 2401 1212 2446 ut
1237 2392 1457 2447 videtur
1493 2393 1730 2458 Arcthtc.
1758 2392 1961 2448 sacqu
1993 2393 2206 2451 decimo
2253 2395 2413 2456 clari.
2453 2395 2520 2451 de
2543 2409 2656 2466 quo
2705 2395 2815 2450 dixi
2849 2396 3126 2452 volumine
3151 2394 3267 2458 VII,
3299 2413 3351 2467 p.

108 2478 211 2533 191
250 2494 368 2550 seq.
403 2477 537 2552 [τοι.
570 2476 706 2542 VIII.
745 2495 797 2547 p.
825 2478 929 2534 698
963 2495 1079 2548 seq.
1114 2494 1245 2533 nov.
1276 2478 1364 2532 ed.

183 2564 296 2620 XL.
327 2567 424 2620 Ἐκ
460 2565 556 2618 τοῦ
600 2565 768 2620 αὑτοῦ
811 2565 1088 2637 Θεοδώρου
1129 2567 1431 2620 ὶπισκόπου
1476 2567 1677 2637 Καρῶν
1716 2585 1811 2638 περ

1728 2569 1842 2638 περὶ
1882 2567 1977 2622 τοῦ
2006 2569 2195 2642 Ἀδάμ.
2231 2571 2461 2624 οωτίου.
2501 2569 2682 2625 ΡΙιοίὲἕ
2726 2579 3028 2640 excerptum
3072 2588 3136 2626 ea:
3176 2573 3356 2627 eodem

114 2651 385 2708 Theodoro
417 2653 665 2722 episcopo
694 2649 1024 2719 Carrarum,
1057 2651 1122 2707 de
1153 2653 1350 2708 Adami
1381 2669 1600 2723 corpore
1635 2673 1704 2710 an
1734 2659 2029 2726 possibile?
2060 2675 2112 2730 p.
2149 2659 2276 2714 425.
2312 2657 2507 2729 Incipit
2541 2676 2553 2711 :
2587 2658 2706 2729 Χρὴ
2741 2659 2964 2712 ιὶδέναι.
2995 2657 3168 2714 Vertit
3198 2659 3356 2716 Gret-

110 2756 297 2798 σει-ιιι.

185 2827 322 2883 XLI.
363 2829 429 2882 Τί
460 2831 578 2883 ἑστι
612 2828 876 2895 θάνατοςς
912 2831 1006 2884 καὶ
1039 2829 1160 2894 πῶς
1193 2830 1521 2886 θανατοῦται
1553 2835 1582 2885 ὁ
1617 2832 1878 2899 θάνατοςς
1911 2833 2158 2905 (δοξάζει
2191 2831 2301 2903 γὰρ
2333 2833 2429 2887 καὶ
2461 2831 2620 2885 τοῦτο
2652 2834 2684 2902 ἡ
2716 2831 3082 2902 Euxinum.)
3119 2833 3214 2886 καὶ
3251 2835 3359 2888 ἰδοὺ

109 2915 556 2986 ἁποθνήσκομιν.
587 2915 733 2983 Quid
762 2919 832 2970 sit
860 2933 1036 2980 mors.
1062 2927 1114 2972 et
1139 2917 1401 2988 quomodo
1433 2935 1574 2974 mors
1604 2923 1764 2976 morti
1791 2920 2019 2975 dedatur
2047 2923 2202 2985 (nant
2230 2929 2279 2974 et
2307 2918 2404 2974 ltoc
2455 2919 2604 2974 docet
2657 2918 2930 2990 Ecclesia)
2962 2929 3013 2975 et
3048 2936 3164 2974 ecce
3193 2923 3362 2976 mori-

111 3020 258 3066 mur.
292 3019 344 3074 p.
375 3003 501 3059 424.
538 3003 729 3074 Incipit
764 3022 778 3058 :
809 3003 1052 3069 Θάνατος
1073 3005 1200 3058 οὖτα
1228 3005 1388 3059 οὐσία
1418 3007 1584 3061 εστίν.
1603 3005 1739 3063 Vcrti

488 3045 501 3057 .
538 3003 729 3074 Incipit
764 3022 778 3058 :
809 3003 1052 3069 Θάνατος
1073 3005 1200 3058 οὖτα
1228 3005 1388 3059 οὐσία
1418 3007 1584 3061 εστίν.
1603 3005 1774 3063 Vertit
1801 3006 2113 3063 Grctserus.

184 3090 346 3146 XLII.
388 3090 663 3161 Σύντομος
693 3090 1018 3146 διδασκαλία
1050 3094 1180 3163 περὶ
1215 3092 1376 3147 θείων
1407 3095 1718 3165 ὀνομάτων,
1751 3095 1861 3149 τῶν
1894 3111 1953 3148 τι
1988 3094 2182 3148 κοινῶν
2214 3094 2444 3164 τριάδος
2464 3134 2478 3157 ,
2514 3095 2608 3146 καὶ
2637 3091 2747 3146 τῶν
2782 3091 2965 3146 ίεικῶν
2997 3092 3229 3146 ἑκάστου
3265 3094 3365 3164 τῆς

111 3177 364 3250 Τριάδος.
402 3179 586 3234 Breris
629 3179 879 3234 doctrina
920 3185 986 3234 de
1026 3181 1220 3237 divinis
1262 3183 1595 3247 nominibus.
1634 3192 1743 3238 tant
1783 3182 2149 3237 communibus
2192 3183 2544 3236 sanctissima
2579 3179 2892 3244 Trinitatis.
2930 3196 3090 3249 quam
3134 3182 3364 3248 propriis

110 3257 375 3335 cujusque
401 3283 665 3334 personet.
702 3283 754 3336 p.
791 3267 918 3322 524.
954 3268 1154 3337 Incipit
1187 3269 1380 3322 :‘Ea-tt
1409 3270 1651 3341 ὀνόματα
1679 3286 1738 3324 κο

1733 3269 1833 3323 ιινά
1860 3269 1948 3323 διά
1969 3269 2074 3338 τῆς
2099 3268 2263 3336 ἁγίας
2285 3267 2516 3339 Τριάδος
2542 3267 2820 3336 διήκοντα.
2837 3264 3014 3321 Vertit
3046 3265 3361 3323 Gretserns.

188 3353 314 3407 Hae
355 3355 623 3424 opuscula
660 3353 802 3408 XLII
838 3354 908 3408 ad
944 3354 1151 3409 calcem
1190 3353 1392 3427 Hodegi
1425 3357 1781 3414 Anastasiani
1817 3365 2049 3425 utraque
2086 3358 2270 3426 lingua
2311 3359 2524 3426 primus
2561 3354 2878 3425 Ingolstadii
2920 3355 3092 3409 edidit
3126 3355 3366 3410 Iacobus

111 3439 413 3495 Gretserus
451 3440 509 3493 S.
547 3441 586 3495 I.
622 3439 761 3494 I603
797 3440 931 3511 (I9),
965 3441 1110 3495 unde
1147 3457 1341 3497 recusa
1378 3456 1505 3499 sunt
1540 3443 1734 3499 Latine
1766 3441 1988 3514 quidem
2025 3442 2078 3495 in
2112 3439 2441 3494 Bibliotheca
2480 3438 2727 3503 Patrum,
2761 3437 2895 3493 edit.
2925 3437 3276 3492 Coloniensis
3313 3455 3363 3492 τι.

113 3525 278 3589 1618,
313 3536 461 3580 torno
493 3525 602 3591 IX;
636 3535 691 3582 et
726 3525 1116 3597 Lugdunensis
1148 3520 1394 3591 a.'I677.
1427 3541 1575 3584 tomo
1607 3529 1748 3587 XVI.
1782 3529 1970 3586 Graece
2001 3534 2057 3583 et
2092 3527 2288 3582 Latine
2315 3542 2449 3581 vero
2482 3526 2537 3580 in
2571 3527 2826 3579 Auctario
2862 3525 3152 3586 Daca-ano.
3187 3525 3364 3581 Paris.

116 3610 292 3674 1624,
328 3620 479 3664 tonio
514 3612 567 3674 I.
595 3619 650 3666 ct
683 3613 736 3666 in
769 3611 1099 3668 Bibliotheca
1133 3612 1358 3667 Patrum
1385 3613 1565 3669 Paris.
1597 3615 1736 3672 I644
1761 3626 1818 3671 et
1847 3616 1985 3671 I654
2006 3658 2020 3679 ,
2057 3625 2207 3669 tonio
2237 3614 2323 3669 XI.
2360 3613 2432 3668 Es
2465 3614 2577 3668 illis
2605 3613 2742 3666 XLII
2775 3614 3061 3682 opusculis
3087 3613 3367 3669 Gilbcrtus

114 3695 510 3754 Gcnebrardns
538 3698 730 3754 Latine
759 3708 1001 3755 verterat
1028 3700 1143 3757 hoc
1167 3701 1508 3771 quindecim.
1535 3719 1656 3774 qua:
1682 3720 1808 3760 cum
1836 3698 2192 3758 Gre'tsoriana
2221 3701 2468 3758 editione
2494 3701 2577 3758 sic
2607 3701 2798 3756 licebit
2827 3699 3082 3756 conferre
3117 3720 3129 3752 :

186 3806 426 3861 Genebr.
500 3810 552 3870 I,
661 3809 720 3871 2,
838 3810 894 3870 3.
994 3809 1050 3875 4,
1178 3811 1231 3874 5.
1428 3809 1482 3872 6.
1621 3812 1673 3878 'I.
1737 3815 1791 3876 8.

1621 3812 1673 3878 7,
1737 3815 1791 3876 s,
1856 3814 1910 3880 9,
2024 3811 2111 3876 I0,
2247 3810 2335 3874 Il.
2417 3810 2500 3874 η,
2651 3811 2740 3868 15.
2911 3811 2998 3870 ιι,
3082 3813 3161 3862 i:;.

185 3893 434 3949 Gretser.
477 3893 567 3961 Ill,
609 3894 750 3961 XVI,
791 3895 925 3960 VIII,
968 3895 1082 3958 VII.
1127 3895 1295 3958 XXV.
1334 3897 1555 3961 XXXII.
1600 3899 1691 3963 IX,
1732 3899 1802 3963 X,
1844 3898 1933 3962 XI,
1977 3896 2168 3962 XXIII,
2209 3895 2352 3960 XIII,
2391 3894 2535 3962 XIV,
2576 3895 2816 3957 XXXIII.
2860 3895 3053 3954 XXXI.
3100 3899 3137 3950 I.

115 3981 351 4035 Exstant
383 3997 451 4035 ex
489 3981 830 4039 Genebrardi
861 3985 1123 4038 versione
1160 3984 1213 4038 in
1242 3983 1573 4041 Bibliotheca
1603 3986 1831 4040 Patrum
1861 3984 2160 4041 Parisiensi
2192 4001 2244 4038 a.
2279 3983 2439 4048 I575,
2473 3993 2625 4039 tonio
2655 3983 2717 4048 V,
2750 3996 2802 4038 et
2835 4000 2887 4037 a.
2923 3983 3060 4040 1579
3095 3984 3278 4056 [le9,
3313 3987 3367 4042 in

115 4066 240 4122 Cat.
272 4068 405 4122 bibl.
436 4068 694 4125 Leidens.
727 4089 780 4142 ν.
806 4070 926 4143 25.]
959 4079 1113 4128 tonio
1144 4070 1233 4126 IV.
1261 4073 1436 4127 Etiam
1467 4074 1573 4128 tria
1606 4090 1675 4129 es
1704 4074 1793 4130 bis
1822 4073 2110 4142 opusculis
2143 4071 2367 4138 Latine,
2394 4070 2699 4126 Francisco
2724 4069 3001 4127 Turriann
3033 4073 3366 4144 interprete.

117 4155 172 4209 in
205 4155 382 4211 lucem
413 4159 673 4212 emiserat
705 4159 773 4212 II.
804 4160 1062 4215 Canisius
1093 4169 1243 4215 tomo
1275 4159 1367 4222 IV.
1397 4161 1644 4230 Antiqua:
1675 4159 1934 4224 lectionis,
1968 4159 2225 4214 nimirum
2257 4157 2474 4223 XXVII,
2503 4156 2721 4212 XXVIII
2754 4169 2808 4213 et
2832 4157 3026 4224 XXIX.
3061 4160 3366 4229 Ingolstad.

117 4241 278 4307 I603,
314 4243 380 4308 4;
419 4259 614 4302 recusa
651 4246 705 4300 in
739 4244 1082 4302 Bibliotheca
1113 4245 1340 4301 Patrum
1371 4247 1723 4303 Coloniensis
1755 4246 2150 4318 Supplemento
2187 4247 2305 4302 sive
2344 4257 2494 4299 tonio
2527 4244 2644 4311 XV,
2683 4261 2735 4300 a.
2775 4246 2914 4301 1622
2944 4248 3189 4319 vulgato.
3223 4259 3275 4304 et
3313 4249 3366 4304 in

114 4326 421 4385 Parisiensi
451 4345 504 4386 a.
538 4331 698 4393 1654.
736 4342 885 4387 torno
915 4331 1007 4388 IV.
1031 4331 1131 4390 IIis
1159 4333 1403 4405 denique
1435 4333 1688 4388 accedit:

186 4417 372 4473 XLIII.
415 4421 554 4491 Περὶ
580 4420 828 4484 hiisdem;
853 4423 949 4476 καὶ
974 4421 1329 4494 σαρκώσεως,
1354 4422 1453 4475 καὶ
1479 4422 1559 4474 ὅτι
1587 4422 1623 4491 ἡ
1652 4421 1752 4490 μιν
1775 4421 2070 4484 ὑπόστασις
2099 4418 2411 4489 ἰσαρκὼθδ,
2439 4419 2473 4489 ἡ
2498 4419 2555 4471 δὲ
2583 4419 2743 4487 φύσις
2769 4421 2868 4490 τῆς
2891 4419 3156 4492 Θιότητος
3185 4425 3368 4494 intbe

112 4504 182 4572 τῇ
209 4503 529 4577 ἀνθρωπίνῃ
562 4506 725 4576 φύσει
755 4508 816 4560 tv
837 4507 1137 4562 ὑποστάσει
1163 4505 1257 4561 τοῦ
1283 4507 1420 4561 Θιοῦ
1445 4507 1641 4575 Λόγου.
1663 4505 1740 4562 De

1767 4509 1959 4560 unione
1983 4517 2033 4560 et
2062 4507 2454 4569 incarnatione.
2480 4506 2719 4576 quodque
2746 4523 2972 4575 persona
3003 4511 3163 4577 fuerit
3195 4511 3373 4566 incar-

113 4600 266 4646 nata.
299 4591 490 4648 Divina
518 4603 702 4650 autern
730 4605 932 4649 natura
957 4595 1206 4650 Ιιαιωιιο
1232 4597 1388 4649 unita
1415 4595 1472 4649 in
1496 4609 1726 4663 persona
1760 4594 1855 4648 Dei
1883 4593 2061 4648 Verbi.
2084 4593 2200 4650 Hoc
2229 4594 2562 4664 opusculum
2593 4609 2658 4648 ex
2693 4609 2797 4648 ms.
2831 4595 3128 4651 Bodleiano
3159 4599 3374 4667 primus

113 4675 312 4745 edidit,
336 4667 1048 4751 Lstinamque'versionem
1084 4683 1338 4754 adiunxit
1374 4681 1622 4736 Andreas
1660 4682 1934 4754 Arnoldus
1971 4680 2484 4752 Norimbergensis.
2524 4680 2700 4735 Paris.
2739 4681 2913 4746 I685,
2950 4683 3016 4746 8,
3055 4684 3122 4738 ad
3162 4686 3374 4741 calcem

117 4761 495 4835 Syntagmatis
531 4767 804 4826 doctrinas
836 4770 906 4825 ad
945 4771 1188 4827 clericos
1229 4779 1283 4826 et
1319 4771 1492 4826 Iaicos
1531 4771 1636 4828 sub
1673 4769 1850 4826 sancti
1885 4765 2170 4822 Athanasii
2215 4767 2470 4832 nomine,
2508 4775 2564 4822 et
2584 4767 2960 4822 Valentiniani
3002 4784 3066 4824 ac
3108 4767 3374 4824 Marciani

116 4851 288 4923 impp.
313 4856 672 4924 epistolarum
703 4857 960 4914 binaruni
989 4859 1056 4914 ad
1089 4857 1328 4914 Leonem
1354 4858 1424 4912 II.
1451 4857 1646 4926 Incipit
1675 4875 1691 4912 :
1720 4858 1744 4910 'l

1744 4858 1782 4910 Η
1808 4857 1906 4926 μιν
1933 4853 2209 4926 σάρκωσίς
2233 4855 2384 4907 ἔστιν
2405 4853 2842 4926 ἐνανθρώπησις.
2873 4855 3018 4911 Idem
3045 4859 3372 4927 opusculum

117 4955 219 4996 me.
254 4942 308 4996 in
339 4943 470 4999 bibl.
496 4945 745 5001 Casarea
777 4956 1124 5003 memoratur
1147 4963 1175 5001 a
1205 4943 1607 5009 Lambecio.V.
1629 4961 1681 5016 p.
1709 4945 1798 5000 78.
1825 4942 1989 4999 Fabr.
2015 4959 2062 4998 s.
2083 4958 2136 5012 p.
2165 4942 2285 5010 169,
2312 4959 2368 4997 n.
2396 4943 2483 5010 II,
2511 4943 2600 4999 ed.
2627 4942 2796 5011 Koll.,
2827 4945 2956 4999 item
2991 4948 3043 4999 in
3073 4949 3200 5001 cod.
3230 4947 3376 5002 litos-

117 5031 314 5094 qnonsi
340 5033 538 5102 synod.
566 5033 656 5089 32.
686 5032 750 5089 ν.
772 5034 1010 5090 Mattbai
1037 5035 1208 5090 Notit.
1236 5036 1332 5088 cit.
1359 5049 1414 5104 p.
1435 5034 1564 5095 291,
1591 5049 1648 5089 n.
1673 5033 1814 5090 5.—
1837 5030 2038 5085 Iterum
2064 5031 2271 5085 editum
2297 5039 2382 5085 est
2413 5030 2548 5087 illud
2574 5047 2769 5102 opusc.
2797 5048 2862 5087 ex
2888 5032 3017 5087 cod.
3044 5033 3231 5090 Bodlei
3276 5034 3372 5090 Gr.

116 5128 182 5170 ac
210 5117 334 5173 Lat.
362 5122 418 5176 In
449 5135 591 5176 nova
620 5122 752 5178 edit.
786 5121 954 5178 Henr.
983 5122 1191 5177 Canisii
1225 5119 1370 5175 ιρι-ι.
1398 5131 1513 5174 ant.
1545 5131 1681 5173 tum.
1713 5117 1778 5182 ll.
1811 5129 1956 5187 part.
1985 5133 2047 5183 ιι,
2075 5132 2132 5189 p.
2157 5118 2264 5174 473
2293 5133 2452 5190 seqq.
2477 5119 2568 5175 ed.
2596 5119 2832 5191 Basnag.
2861 5119 3031 5176 Ηλιιι..

1100 5391 1164 5441 Il.
1205 5389 1439 5443 ExAnc.
1484 5389 1586 5442 ΜΑι
1622 5389 1768 5444 Bibl.
1797 5387 1935 5443 Nov.
1963 5399 2002 5441 t.
2046 5384 2146 5450 VI.
2171 5404 2224 5455 p.
2258 5387 2378 5442 I69.

186 5495 536 5555 Theodorum
568 5501 876 5558 Abucaram
917 5501 1186 5556 Carornm
1227 5504 1549 5581 episcopum
1589 5502 1899 5558 Turrianus
1956 5501 2254 5572 aliquoties
2325 5502 2652 5562 Darnasceni
2709 5506 3046 5580 discipulum
3086 5512 3376 5578 nominat.

119 5586 206 5639 cui
237 5587 681 5656 probabilitatem
710 5591 973 5645 conciliat
1005 5591 1136 5644 illud
1173 5592 1224 5645 in
1259 5593 1418 5645 titulo
1449 5591 1747 5646 dissertalii

1749 5593 1859 5648 mis
1886 5590 2115 5645 decima:
2140 5599 2352 5646 octavae
2373 5593 2471 5646 Διὰ
2502 5594 2684 5664 φωνῆς
2719 5597 2967 5652 Ἰωάννου
2989 5601 3377 5672 Δαμασκηνοῦ.

190 5761 306 5830 (19)
341 5763 407 5820 Et
429 5763 486 5820 in
517 5762 1008 5838 GrctseriOperib.
1041 5765 1330 5821 Ilatisbnn.
1357 5767 1516 5834 1741,
1544 5777 1582 5820 ι.
1613 5766 1729 5833 XV,
1758 5783 1810 5838 p.

545 5762 1008 5838 lretseriOperib.
1041 5765 1330 5821 Ilatisbnn.
1357 5767 1516 5834 1741,
1544 5777 1582 5820 ι.
1613 5766 1729 5833 XV,
1758 5783 1810 5838 p.
1846 5768 1972 5823 512.
2001 5767 2173 5824 IIsttL.
