4086 6454
133 351 264 412 1465
1545 354 1715 413 OPUS

1821 355 1950 412 lL.-\.
3224 356 3353 421 H56

125 461 232 527 γὰρ
272 462 326 514 ετ
355 479 437 523 τις
480 459 674 530 ἐχθρὸς
714 458 1064 528 τροπὼσηται
1099 459 1320 511 ποτίσαι
1358 461 1687 530 δηλητήριον

1831 463 1936 514 ucti
1993 470 2044 512 et
2075 461 2261 515 illecti.
2302 461 2454 514 Sicut
2488 461 2634 513 enim
2677 460 2722 513 si
2756 461 2880 526 quis
2934 463 3185 516 lltlllllt'lls
3241 482 3348 516 tua-

126 552 398 603 νοσοποιον
419 552 508 602 τὸν
532 550 727 602 ἑαυτοῦ
749 551 1013 617 δυσμενῆ,
1040 551 1104 602 ἵν’
1133 551 1207 611 ὡς
1229 551 1490 614 ἀσθενοῦς
1520 553 1685 606 αὐτοῦ

1821 552 1967 603 evolo
1999 567 2098 604 suo
2130 553 2402 617 potionem
2460 551 2652 602 veneni
2691 552 2975 608 adbibi-at,
3032 559 3086 602 ut
3136 563 3356 617 potiuno

125 641 409 706 γεγονότος
432 640 616 691 λοιπον
645 639 841 708 ῥᾳδίως
868 641 1245 707 περιγένηται,
1277 640 1448 703 οὕτως
1475 643 1688 694 ὲδελέα-

1827 641 2128 693 cbilitatum
2167 642 2323 694 facile
2355 642 2585 703 vincat;
2626 643 2705 694 sic
2745 642 2867 692 cibo
2917 643 3008 692 illo
3051 645 3218 695 vetito
3255 646 3352 696 ho-

127 745 218 780 σεν
246 730 272 779 6
306 728 551 788 διάϐολος
584 728 674 778 τδν
701 726 986 793 ἄνθρωπον
1029 726 1118 776 διὰ
1163 728 1263 793 τῆς
1306 727 1689 794 ἐπηγορευμέ-

1821 733 1992 783 uinem
2038 733 2296 800 decepit,
2343 742 2399 784 ct
2457 732 2659 784 factum
2716 733 3048 784 imbecillum
3101 734 3352 799 arripuit.

125 836 219 883 νης
252 816 530 885 βρώσεως,
566 817 660 867 καὶ
692 813 952 875 ἀσθενοῦς
992 815 1276 878 γεγονότος
1336 816 1684 883 ἐπεδράξατο,

1821 818 2029 871 'eiiebat
2066 821 2246 887 itaque
2281 835 2381 872 nos
2411 821 2663 873 servituti
2699 821 3020 884 subjectos;
3070 821 3172 874 nisi
3210 826 3353 888 quod

128 902 286 973 Ι·Σῖχεν
315 901 407 956 οῦν
437 907 582 972 ἡμεῖς
615 905 958 971 ὑποχειρίους
989 922 1000 933 ·
1036 905 1127 954 καὶ
1165 905 1216 955 εί
1255 904 1329 973 μὴ
1357 905 1437 956 δτι
1473 905 1689 956 ὲδελέα-

1821 906 2043 957 llii'istus
2086 907 2461 959 adversarium
2492 916 2740 960 nostrum
2789 910 3020 974 decepit,
3070 924 3358 976 quousque

127 1012 219 1045 σεν
264 997 352 1046 τὸν
401 994 693 1045 ἀντίπαλον
739 993 893 1060 ἡμῶν
927 993 953 1041 6
987 995 1241 1062 Χριστὸς,
1266 995 1372 1056 ἓως
1419 995 1482 1047 ἂν
1529 996 1691 1048 αὑτὸν

1821 1012 1907 1063 pse
1940 998 2292 1051 adversarius
2323 999 2604 1051 Christum
2641 1000 2828 1066 inique
2861 1001 3103 1063 occidit;
3168 1011 3221 1053 et
3267 1018 3360 1068 per

127 1084 333 1134 ἀνεῖλεν
390 1085 611 1144 ἀδίκως,
651 1084 743 1133 καὶ
801 1082 889 1133 διὰ
949 1083 1047 1148 τῆς
1106 1083 1293 1134 ἀδίκου
1355 1085 1691 1152 ἀναιρέσεως

1821 1086 2036 1150 tiiquiim
2108 1085 2391 1137 interitum
2461 1086 2611 1137 illiim
2693 1087 2868 1154 ipsum
2939 1089 3219 1139 diabolum
3307 1103 3360 1140 et

1793 1188 1982 1226 omnes
2015 1173 2132 1236 eius
2165 1189 2352 1226 servos
2394 1175 2556 1239 cepit.
2607 1175 2670 1226 Et
2695 1176 2776 1225 sit:
2814 1189 2914 1227 nos
2952 1191 2977 1225 a
3012 1177 3212 1228 diaboli
3245 1193 3360 1229 scr-

1794 1263 1966 1316 vitu'e
2019 1265 2266 1316 liberavit
2313 1267 2426 1331 ipsa
2475 1266 2686 1331 jiistitia
2739 1265 2964 1325 Clitis-ti,
2999 1275 3051 1317 et
3106 1279 3356 1324 mortem,

1797 1361 1853 1405 ut
1896 1364 1966 1406 ita
1999 1354 2198 1410 dicam.
2232 1369 2259 1406 a
2290 1357 2449 1408 nobis
2475 1356 2742 1406 excussit.
2784 1354 3028 1407 Tenebat
3072 1358 3214 1409 enim
3261 1373 3362 1410 nos

1798 1442 2055 1504 Satanas,
2094 1451 2350 1512 tanquam
2386 1445 2477 1510 qui
2519 1444 2566 1496 ci
2608 1443 3009 1497 obedisseinus.

129 1175 291 1225 αὐτόν
317 1192 374 1225 τε
402 1173 495 1226 τδν
526 1173 794 1236 διάϐολον,
829 1174 922 1224 καὶ
953 1174 1160 1235 πάντας
1190 1177 1314 1235 τοὺς
1348 1175 1692 1244 ὑποχειρίους

125 1265 290 1318 αὐτοῦ
336 1264 552 1324 δούλους
587 1262 799 1315 ἔλαϐεν.
828 1265 936 1315 Καὶ
971 1263 1149 1325 οὕτως
1187 1267 1332 1333 ἡμᾶς
1366 1266 1690 1335 ἐρρύσατοὴ

127 1355 294 1406 αὐτοῦ
318 1355 412 1405 τοῦ
441 1354 676 1419 Χριστοῦ
715 1355 1102 1422 δικαιοπραγία
1150 1356 1212 1405 ἐκ
1245 1356 1342 1422 τῆς
1373 1355 1466 1408 τοῦ
1509 1356 1693 1408 διαδό-

127 1444 219 1493 λου
253 1442 496 1501 δουλείας
528 1459 542 1472 ο
577 1441 677 1492 κᾶν
709 1441 839 1508 φέρε
871 1441 1069 1505 εἰπεῖν,
1105 1443 1196 1493 καὶ¹
1225 1443 1315 1492 τὸν
1352 1442 1582 1493 θάνατον
1601 1443 1694 1508 ἀφ’

128 1529 286 1598 ἡμῶν
356 1529 705 1583 ἀπεσείσατο.
775 1531 1043 1598 Κατεῖχεν
1097 1531 1207 1599 γὰρ
1266 1532 1412 1601 ἡμᾶς
1466 1533 1540 1594 ὼς
1589 1533 1690 1583 ὐπ-

128 1617 473 1678 ακούσαντας
507 1619 534 1668 6
563 1618 830 1678 Σατανᾶς.

201 1709 261 1760 Β.
293 1708 443 1759 Θέλω
493 1708 558 1760 δι’
599 1709 904 1776 ὑπόδειγμα
960 1709 1120 1761 τοῦτο
1177 1711 1374 1780 μαθεῖν
1424 1711 1695 1781 τηλαυγέ-

129 1815 223 1849 στε
233 1815 344 1868 ρον.

204 1890 266 1940 Δ.
304 1888 486 1939 Ἔστω
519 1887 772 1956 βασιλεὺς
808 1889 869 1938 ὲν
913 1887 1069 1958 χώρᾳ.
1113 1891 1222 1941 τινὶ
1267 1890 1406 1959 ἔχων
1456 1890 1697 1952 δούλους.

129 1976 551 2043 ιῐερικυκλούτω
585 1977 641 2028 δὲ
671 1977 770 2044 τὴν
801 1976 984 2046 χώραν
1015 1978 1217 2048 ταύτην
1249 1980 1511 2048 ποταμός.
1572 1982 1700 2032 Ἐπ·

130 2069 319 2119 έκεινα
377 2067 432 2120 δὲ
462 2067 553 2119 τοῦ
613 2068 858 2134 ποταμοῦ
923 2069 1232 2121 ὑποκείσθω
1293 2073 1702 2140 πεφυτευμένος

130 2156 329 2221 κῆπος,
361 2156 609 2224 καρποὺς
635 2156 871 2225 ὡραίους
900 2159 992 2209 καὶ
1024 2158 1308 2225 εύηδόνους
1338 2159 1698 2229 κεκτημένος.

144 2246 566 2315 Ἀπαγορευέτω
596 2246 650 2297 δὲ
683 2247 710 2297 6
735 2246 987 2314 βασιλεὺς
1015 2248 1181 2299 πᾶσιν
1208 2250 1319 2309 τοῖς
1343 2247 1552 2310 δούλοις
1601 2249 1701 2300 αύ-

1865 1707 2027 1776 349
2072 1707 2128 1760 Β.
2174 1705 2347 1774 Cupio
2404 1708 2703 1776 intelligere
2753 1709 2855 1761 lioc
2921 1710 3216 1765 dilucidius
3271 1726 3365 1780 pcr

1730 1786 1769 1839 Β
1799 1797 2122 1864 exemplum.

1874 1893 1939 1942 Α.
1976 1889 2058 1940 Sit
2097 1904 2210 1946 rex.
2249 1890 2340 1955 qui
2379 1889 2429 1940 in
2469 1889 2688 1955 regione.
2717 1891 2974 1957 quapiam
3027 1890 3219 1942 habeat
3253 1906 3367 1944 ser-

1799 1997 1920 2034 vos.
1982 1979 2338 2034 Circumlluat
2400 1981 2679 2048 regionem
2740 1981 2900 2034 istam
2962 1983 3158 2033 amnis.
3215 1980 3366 2034 Ultra

1802 2086 2014 2124 amnem
2046 2085 2174 2122 vero
2207 2069 2279 2122 sit
2321 2069 2517 2122 liortus
2549 2068 2824 2129 consitus,
2858 2070 2949 2134 qui
2998 2069 3256 2135 pulchros
3315 2078 3369 2120 et

1799 2161 2071 2230 juciindos
2094 2160 2308 2214 fructus
2352 2160 2517 2214 ferat.
2575 2160 2872 2212 liiterdii-at
2909 2176 2998 2211 rex
3050 2161 3221 2212 servis
3258 2163 3370 2213 suis

1802 2257 2056 2306 omnibus
2105 2253 2284 2307 amnis
2337 2255 2400 2306 ad
2460 2255 2609 2305 illum
2677 2254 2899 2305 liortiiin
2968 2252 3367 2316 ll'ﬂjt‘CliOﬂCltl.

128 2338 227 2389 τοῦ
270 2339 370 2407 τὴν
403 2340 494 2389 ἐπὶ
526 2339 617 2390 τὸν
661 2338 835 2407 κῆπον
866 2340 1076 2390 ἐκεῖνον
1101 2339 1193 2390 τοῦ
1235 2339 1486 2407 ποταμοῦ
1520 2357 1701 2410 παρα-

129 2429 402 2483 διάδασιν.
439 2431 533 2492 Tt;
561 2431 618 2482 δὲ
671 2431 777 2480 τῶν
827 2429 1028 2481 δούλων
1079 2431 1301 2482 ἐκείνων
1346 2430 1590 2499 θελχθεὶς
1636 2435 1702 2500 τῇ

132 2523 343 2593 θεωρίᾳ
393 2524 488 2575 καὶ
519 2523 786 2592 ἐπιθυμίᾳ
811 2523 919 2574 τῶν
955 2523 1187 2590 καρπῶν
1222 2523 1466 2586 ἐκείνων,
1502 2525 1595 2575 καὶ
1637 2526 1702 2592 τῇ

138 2613 252 2683 ἰδίᾳ.
285 2613 585 2682 χαυνωθεὶς
630 2613 828 2682 ὀρέξει,
866 2616 959 2666 καὶ
991 2613 1246 2683 ἡττηθεὶς
1275 2613 1574 2680 ἀλογίστως
1608 2614 1707 2684 τὴν

133 2704 465 2773 δεσποτικὴν
494 2705 733 2774 ἐντολὴν,
760 2706 854 2757 καὶ
876 2706 966 2756 τὸν
992 2704 1234 2773 ποταμὸν
1263 2705 1501 2758 διαδάτω
1528 2707 1620 2758 ἐπὶ
1650 2708 1711 2759 τὺ

137 2795 506 2865 ἐμφορεῖσθαι
562 2795 661 2863 τῆς
692 2795 992 2865 ἐπιθυμίας
1027 2813 1041 2826 ·
1073 2796 1168 2849 καὶ
1217 2797 1291 2866 μὴ
1346 2796 1508 2865 μόνον
1552 2798 1710 2849 τοῦτο

136 2884 384 2946 ποιείτω,
426 2882 564 2937 ἀλλὰ
595 2883 687 2935 κα)⁵
717 2885 845 2946 τοὺς
873 2885 1094 2947 λοιποὺς
1129 2885 1450 2946 συνδούλους
1515 2886 1713 2950 ἐξαπα-

135 2976 291 3026 τάτω
319 2974 584 3038 δελεάζων
611 2974 703 3027 διὰ
727 2975 828 3042 τῆς
846 2975 954 3027 τῶν
981 2975 1456 3044 ύποδεικνυμένων
1483 2976 1712 3047 καρπῶν

1805 2345 2016 2410 Aliquis
2065 2359 2200 2398 vero
2230 2359 2294 2396 ex
2332 2345 2440 2398 illis
2492 2345 2691 2405 servis,
2731 2344 2997 2413 delinitus
3040 2350 3092 2393 et
3156 2343 3372 2393 illectus

1807 2445 2063 2505 aspectu,
2107 2445 2161 2490 et
2184 2421 2492 2500 cupiditate
2535 2437 2757 2488 illorum
2818 2435 3126 2494 fructuum,
3163 2446 3216 2486 et
3276 2451 3371 2486 sui

1809 2530 2143 2598 appetitione
2169 2531 2413 2584 mollitus
2464 2545 2528 2582 ac
2561 2531 2759 2594 victus,
2792 2530 2936 2580 nulla
2983 2530 3195 2580 ratione
3223 2544 3376 2578 inan-

1807 2620 1919 2673 ilati
1956 2622 2163 2674 domini
2215 2622 2423 2682 habita,
2476 2636 2690 2673 amnem
2749 2619 3010 2684 trajieiat.
3058 2626 3117 2669 iit
3163 2618 3378 2684 cupidi-

1811 2722 1974 2767 tatem
2027 2729 2181 2768 suain
2233 2715 2487 2781 expleat:
2540 2729 2604 2766 ac
2651 2727 2760 2765 non
2796 2711 2971 2764 solum
3025 2714 3125 2766 hoc
3174 2710 3332 2761 faciat
3363 2751 3376 2769 ,

1812 2805 1909 2858 sed
1957 2806 2122 2858 etiam
2177 2806 2420 2872 reliquos
2475 2818 2780 2856 conservos
2851 2801 3045 2862 fallat,
3104 2803 3381 2867 voluptate

1813 2895 2116 2957 fructuum,
2152 2909 2294 2961 quos
2323 2893 2592 2954 ostendit,
2624 2906 2721 2944 eos
2773 2891 3086 2958 decipiens,
3121 2897 3178 2938 ut
3227 2901 3379 2937 com-

1813 2986 1998 3040 munis
2042 2985 2252 3039 domini
2290 2982 2667 3037 obedientiam
2723 2981 3012 3048 abjiciant,
3045 2988 3098 3031 et
3152 2978 3378 3031 ﬂuvium

137 3069 335 3136 ἡδονῆς
388 3067 479 3119 τοῦ
540 3067 639 3136 μὲν
691 3069 873 3120 κοινοῦ
905 3067 1172 3121 δεσπότου
1207 3069 1587 3141 παρακοῦσαι,
1618 3070 1711 3122 καὶ

1821 3076 2217 3131 transmittant.
2242 3081 2298 3128 et
2330 3074 2474 3128 servi
2512 3073 2633 3138 ejus
2668 3071 3009 3124 elliciantiir.
3047 3070 3252 3125 Deinde
3293 3069 3385 3120 ille

136 3157 232 3209 τὸν
260 3158 506 3226 ¹ποταμὸν
528 3159 878 3227 διαπερᾶσαι,
919 3159 1014 3211 καὶ
1039 3160 1145 3212 ὑπὸ
1174 3163 1335 3230 χεῖρα
1364 3160 1520 3228 αὑτῷ
1555 3162 1712 3227 γενέ-

141 3248 291 3301 σθαι.
335 3243 470 3301 Εἶτα
513 3250 740 3312 τούτους,
797 3251 925 3312 τοὺς
976 3251 1295 3313 συνδούλους
1336 3252 1364 3304 6
1409 3253 1716 3322 ἀρχέκακος

141 3341 379 3400 ἐκεῖνος,
414 3340 752 3407 τυραννείτω
782 3342 878 3393 καὶ
915 3342 1309 3394 καταπονείτω.
1341 3342 1629 3396 Βοάτωσαν
1659 3341 1715 3394 δὲ

142 3430 286 3496 πρὸς
333 3431 535 3481 οἰκεῖον
566 3430 838 3499 δεσπότην
867 3430 918 3482 οἱ
967 3431 1416 3500 τυραννούμενοι,
1450 3433 1544 3484 καὶ
1588 3432 1712 3483 ὲπι-

143 3521 493 3574 καλείτωσαν
535 3522 634 3591 τὴν
668 3522 880 3574 ἐκείνου
906 3523 969 3575 ἐκ
1007 3523 1114 3575 τῶν
1146 3522 1485 3590 συνεχουσῶν
1534 3523 1716 3576 κακώ-

147 3626 290 3662 σεων
317 3609 607 3679 λύτρωσιν.
639 3606 770 3662 Εἶτα
816 3610 1036 3670 τούτους
1069 3610 1343 3680 οἰκτείρας
1369 3614 1396 3663 6
1425 3611 1718 3681 ἱερώτατος

150 3699 407 3769 βασιλεὺς
437 3701 528 3752 τὸν
574 3701 706 3754 [διον
737 3702 852 3752 υἱὸν
881 3701 1255 3756 ἀποστειλάτω
1299 3702 1720 3771 ἀμφιασάμενον

147 3793 210 3844 τὸ
241 3792 347 3844 τῶν
369 3792 572 3844 δούλων
605 3792 905 3864 πρόσχημα
935 3793 1076 3845 κατὰ
1109 3794 1282 3847 πάντα
1322 3794 1504 3857 αὐτοῖς
1524 3797 1722 3863 ὁμοιω-

151 3885 358 3937 θέντα·
397 3884 507 3936 όδὲ
553 3885 632 3945 είς
683 3886 847 3952 μέσον
897 3884 1185 3954 παρελθὼν
1245 3886 1721 3956 παραπορευέσθω

150 3978 253 4038 τὰς
291 3975 456 4044 ὄχθας
485 3975 577 4028 τοῦ
622 3975 891 4043 ποταμοῦ.
925 3978 1019 4029 Ὃν
1064 3977 1402 4046 θεασάμενος
1429 3980 1457 4030 6
1487 3979 1723 4046 dpxéza-

152 4083 252 4124 κος
289 4065 574 4135 τύραννος,
609 4066 702 4117 καὶ
757 4065 854 4116 ἓνα
899 4065 1007 4117 τῶν
1047 4065 1246 4118 δούλων
1276 4064 1384 4118 ὑπὸ
1406 4066 1466 4117 τὸ
1495 4067 1670 4127 πάσας
1701 4067 1723 4097 ⁵

153 4156 322 4209 αὑτὸν
377 4152 540 4219 εἶναι,
596 4156 983 4223 παρακαλείτω
1030 4156 1278 4227 συνήθως
1328 4159 1445 4219 ταῖς
1497 4158 1724 4226 καρπῶν

153 4247 372 4312 ἡδοναῖς
407 4249 498 4298 ἐπὶ
557 4247 618 4298 τὸ
660 4247 989 4315 διαπερᾶσαι
1023 4247 1115 4298 τὸν
1169 4250 1412 4317 ποταμὸν
1476 4252 1573 4301 καὶ
1632 4249 1722 4301 ὑπ’

155 4339 353 4407 ἐκείνῳ
380 4338 651 4404 γενέσθαι,
690 4338 763 4406 μὴ
799 4339 1184 4392 ὑπακούσαντα
1211 4339 1290 4402 δὲ,
1316 4339 1451 4391 ἀλλὰ
1482 4341 1724 4410 σφοδρῶς

153 4430 258 4491 τὰς
282 4429 488 4480 ἐκείνου
524 4429 732 4499 τροπὰς
752 4429 1220 4499 ἀποτρεπόμενον,
1259 4427 1408 4499 ζήλῳ
1459 4433 1552 4485 καὶ
1595 4435 1722 4500 φθό-

156 4537 238 4587 νῳ
278 4520 701 4588 πυρποληθεὶςὸ
744 4519 1008 4590 τύραννος
1056 4521 1297 4574 διασάτω
1326 4522 1419 4574 τὸν
1459 4525 1724 4592 ποταμὸν,

156 4611 257 4664 καὶ
286 4611 587 4681 ἁναιρείτω
614 4610 705 4662 τὸν
724 4612 818 4663 τοῦ
849 4610 1115 4678 βασιλέως
1145 4612 1281 4665 υῑόν.
1311 4612 1483 4666 Τοῦτο
1513 4614 1571 4666 δὲ
1598 4615 1731 4684 δρα-

159 4702 392 4771 ξάμενον
420 4705 447 4756 6
472 4701 655 4770 βασιλε
667 4703 726 4766 ῦς
749 4703 990 4766 ὲταζέτω
1012 4703 1183 4770 λέγων
1203 4720 1216 4734 ο
1248 4703 1407 4768 Εἰπὲ,
1441 4707 1732 4774 παμπόνη-

159 4813 249 4867 ρε,
285 4795 446 4863 ἡνίκα.
476 4797 604 4856 τοὺς
647 4795 842 4857 ἄλλους
886 4795 1104 4857 δούλους
1136 4796 1419 4858 ἀνέπειθες
1460 4797 1596 4866 ἐμοῦ
1638 4796 1733 4850 τοῦ

157 4884 396 4954 φυσικοῦ
439 4885 702 4938 δεσπότου
749 4886 930 4938 αὐτῶν
958 4886 1330 4956 παρακοῦσαι,
1357 4886 1449 4939 καὶ
1510 4888 1647 4956 πρὸς
1677 4891 1734 4941 σὲ

157 4978 438 5044 διαϐῆναι,
467 4979 542 5048 μὴ
567 4978 789 5041 τούτους
817 4979 1112 5031 ἀπέσπασα
1134 4978 1242 5031 τῶν
1268 4980 1465 5047 χειρῶν
1492 4997 1608 5044 σου,
1637 4982 1734 5033 καὶ

159 5073 266 5140 τῆς
312 5071 559 5134 δουλείας
603 5071 702 5138 τῆς
749 5071 850 5138 σῆς
897 5071 1158 5133 ἑκουσίως
1201 5090 1283 5125 σοι
1315 5073 1727 5141 ὑποταγένταςς

162 5160 370 5230 καίπερ
410 5159 707 5229 δυνάμενος
743 5159 845 5229 ,καὶ
889 5159 1088 5229 ἰσχύων
1127 5162 1284 5213 τοῦτο
1318 5162 1540 5230 ποιῆσαι
1569 5179 1583 5193 ο
1619 5162 1734 5216 ἀλλ’

161 5253 271 5305 οὐκ
312 5251 553 5320 ἠθέλησα
606 5248 995 5319 παραχαράξαι
1049 5249 1109 5300 τὸ
1158 5249 1388 5304 δίκαιον.
1424 5252 1626 5304 Τοῦτον
1679 5252 1737 5302 δὲ

165 5344 304 5415 ιμδν
346 5345 461 5396 υἱὸν
509 5343 844 5411 ὑπάρχοντα,
888 5342 983 5393 καὶ
1035 5344 1154 5403 ταῖς
1216 5345 1335 5404 σαῖς
1387 5343 1743 5396 παντάπασιν

166 5438 511 5508 προτροπαῖς
549 5437 644 5504 οὐχ
716 5433 1034 5498 ύπείξαντα.
1070 5435 1212 5496 τίνος
1264 5436 1449 5488 ἕνεκεν
1506 5437 1736 5498 ἀνεῖλες,

1820 3169 2076 3238 princeps
2107 3167 2378 3220 malorum
2435 3173 2696 3218 exerceat
2736 3163 2789 3216 in
2821 3177 2918 3216 eos
2954 3161 3299 3230 tyrannidem
3331 3167 3385 3210 et

1819 3241 2222 3329 opprimat.llli
2259 3272 2386 3311 vero
2440 3256 2735 3326 tyrannide
2790 3255 3035 3322 oppressi
3088 3253 3387 3306 inclameut

1826 3351 2107 3406 dominum
2159 3365 2360 3414 suum,
2395 3358 2449 3401 et
2490 3348 2785 3416 implorent
2835 3347 2985 3399 illius
3035 3360 3218 3414 opem,
3269 3351 3324 3394 et
3359 3357 3388 3394 a

1827 3444 1995 3508 tantis
2028 3442 2187 3496 malis
2238 3440 2643 3494 liberationem.
2680 3438 2879 3492 Postea
2922 3439 3119 3490 lioruin
3172 3437 3389 3488 iniseri-

1829 3534 2018 3595 cordia
2058 3541 2370 3586 commotus
2405 3530 2896 3583 mansuetissimus
2929 3543 3025 3580 rex
3062 3528 3240 3579 mittat
3273 3539 3393 3591 pro-

1824 3627 2004 3698 prium
2027 3624 2429 3686 ﬂlium,vestitu
2455 3636 2740 3675 servorum
2765 3619 3043 3681 indutum,
3060 3619 3114 3670 in
3137 3615 3394 3669 omnibus

1825 3715 2189 3772 assimilatum
2243 3712 2326 3766 eis
2367 3712 2625 3780 (excepto
2660 3709 2937 3776 peccato),
2984 3708 3076 3760 ille
3099 3718 3281 3758 autem
3336 3705 3390 3756 in

1827 3808 2064 3859 mediuin
2098 3803 2359 3872 prodiens
2391 3800 2708 3854 deambulet
2741 3799 2900 3866 juxta
2935 3798 3089 3864 ripas
3124 3793 3392 3846 ﬂuminis.

1824 3899 1997 3962 Quem
2025 3911 2148 3950 cum
2178 3905 2448 3965 tyrannus
2475 3893 2566 3945 ille
2597 3891 2816 3954 viderit,
2849 3897 2903 3944 et
2935 3889 3234 3940 arbitratus
3271 3900 3394 3938 esse

1826 4004 1994 4043 unum
2055 4003 2085 4040 e
2121 3987 2322 4047 servis,
2381 3985 2651 4043 hortetur,
2694 3991 2752 4034 iit
2807 3981 2967 4040 solet,
3018 3978 3394 4044 voluptatibus

1828 4081 2108 4135 fructuum
2140 4078 2447 4147 prapositis
2497 4085 2552 4130 et
2595 4075 2860 4134 ostensis,
2902 4073 2967 4126 ad
3001 4068 3396 4137 trajicieniluni

1825 4172 2070 4233 ﬂuvium.
2105 4179 2159 4225 et
2197 4179 2255 4223 iit
2283 4170 2388 4224 sub
2429 4169 2665 4237 imperio
2707 4183 2808 4221 suo
2844 4169 2938 4226 sit,
2981 4163 3165 4217 videat
3214 4171 3398 4213 tamen

1831 4275 1937 4313 non
1972 4259 2220 4320 obedire,
2252 4257 2386 4326 quin
2417 4256 2606 4324 potius
2647 4255 2825 4322 ipsius
2854 4252 3203 4305 hortationes
3241 4249 3401 4300 vehe-

1834 4362 2048 4403 menter
2089 4349 2376 4418 repellere,
2433 4346 2579 4398 unde
2632 4347 2752 4396 zelo
2794 4351 2847 4394 et
2878 4341 3084 4394 invidia
3138 4341 3402 4390 incensus

1835 4449 2102 4511 tyrannus
2137 4447 2378 4492 transeat
2409 4436 2664 4498 ﬂuvium,
2694 4445 2747 4489 et
2783 4435 2953 4486 lilium
2987 4432 3128 4498 regis
3154 4431 3399 4482 occidat:

1835 4534 1980 4586 hunc
2032 4546 2165 4586 vero
2208 4546 2300 4584 rex
2358 4529 2693 4598 prehensum
2749 4531 3107 4592 percontetur
3162 4523 3214 4571 in
3263 4521 3404 4570 linne

1831 4623 2088 4678 modum:
2115 4621 2228 4690 Age
2247 4621 2380 4688 jam,
2407 4618 2642 4685 pessime
2668 4626 2722 4671 et
2746 4615 3104 4683 nequissimo,
3131 4626 3254 4664 cum
3281 4609 3406 4660 aliis

1831 4698 2008 4768 servis
2055 4711 2353 4774 suadebas,
2391 4721 2450 4762 ut
2496 4708 2630 4760 milii
2688 4722 2878 4760 eorum
2933 4713 3130 4756 natura
3184 4700 3409 4752 domino

1831 4819 1939 4857 non
1976 4811 2260 4872 parerent,
2292 4808 2346 4854 et
2377 4799 2442 4852 ad
2495 4807 2547 4852 te
2579 4799 2908 4856 transirent,
2970 4809 3037 4845 an
3074 4807 3171 4845 eos
3216 4805 3247 4843 e
3294 4803 3408 4841 nia-

1833 4897 2000 4949 nibus
2029 4896 2138 4948 tuis
2170 4891 2392 4962 eripui?
2421 4899 2476 4944 et
2509 4905 2536 4942 a
2571 4889 2836 4942 servitute
2866 4897 2956 4940 tua
2987 4884 3087 4936 tibi
3127 4881 3412 4948 subjectos

1844 4983 2126 5039 liberari?
2168 4998 2292 5037 cuin
2348 4981 2398 5034 id
2429 4979 2636 5048 alioqui
2689 4979 2871 5031 facere
2909 4975 3230 5044 potuissem,
3259 4971 3411 5026 nolui

1834 5076 2125 5141 taineiijus
2159 5072 2475 5125 immutare.
2508 5068 2664 5122 lluuc
2703 5082 2834 5120 vero
2865 5066 3034 5119 tilium
3078 5078 3284 5124 meum,
3317 5063 3411 5131 qui

1838 5163 2255 5219 liortationibus
2283 5163 2397 5216 tuis
2431 5175 2780 5229 nequaquam
2814 5158 3005 5220 cessit,
3044 5171 3217 5224 quare
3247 5156 3416 5207 inter-

1841 5256 2023 5312 fecisti
2075 5263 2129 5310 ει
2176 5255 2378 5324 injuste
2426 5252 2726 5307 occidisti?
2775 5249 2944 5320 Igitur
2996 5248 3255 5318 quoniam
3313 5247 3411 5298 lioc

1845 5361 2013 5402 ausus
2041 5361 2125 5407 es,
2169 5345 2299 5414 jure
2332 5344 2542 5414 optimo
2572 5353 2626 5396 et
2656 5351 2709 5394 te.
2761 5351 2814 5395 et
2841 5355 3037 5393 omnes
3068 5348 3194 5392 tuos
3223 5349 3414 5390 servos

1850 5429 2090 5505 capiam.
2143 5442 2196 5489 et
2255 5434 2516 5503 potestati
2561 5435 2681 5505 ejus
2735 5430 3068 5501 subjiciam;
3129 5437 3184 5480 et
3237 5426 3282 5479 si
3337 5433 3416 5477 tot

1437 5586 1668 5642 VAlllA‘I
1704 5554 2103 5644 Lecriouss.

244 5715 266 5743 ⁸
293 5709 385 5766 Sic
416 5708 457 5764 C
487 5707 547 5777 Β,
581 5709 698 5780 lege
729 5703 1096 5766 ὑποτοπήσας.
