4086 6454
75 375 208 440 ιιιδ

1448 371 1859 432 OPUSCUI.A.

3154 367 3280 434 1474

68 501 176 550 χει,
207 482 328 534 οὑδδ
356 480 638 550 ὁμοούσια.
664 479 745 533 τὰ
778 479 832 532 ὁὶ
856 478 981 530 ὄντα
1017 478 1078 529 hc
1107 475 1215 528 τῶν
1256 475 1374 528 καθ’
1400 469 1473 527 ὦν
1502 492 1629 526 κατ-

1745 471 2029 527 ιεοιιιιὰιιηι
2082 486 2193 525 rem
2227 479 2350 524 sunt
2380 473 2629 542 aequalia,
2676 473 2743 527 de
2773 474 2973 543 quibus
3004 489 3173 544 genus
3205 478 3287 528 di-

67 573 349 641 ηγορεῖται
377 611 392 634 ,
438 571 655 640 ὀμοφυῆ
690 569 786 622 καὶ
827 568 1089 635 ὁμοούσια
1111 607 1125 629 ,
1180 568 1238 617 οὐ
1270 567 1358 617 διὰ
1402 566 1459 617 τὸ
1491 561 1629 616 εἶναι

1732 565 1897 625 citur,
1949 575 2057 613 non
2108 576 2331 616 necesse
2384 571 2467 616 est
2511 578 2633 616 esse
2679 565 2922 629 ejusdem
2975 577 3179 619 natum
3234 564 3289 620 ct

69 663 193 712 κατ’
253 662 431 713 αὐτῶν
463 662 483 691 ⁷
519 661 606 712 ῖσα
641 661 853 728 ὁμοφυῆ
884 661 997 710 ἐστι
1047 659 1139 709 καὶ⁸
1170 655 1426 725 ὀμοούσια
1449 671 1461 685 ·
1495 655 1628 706 ἀλλὰ

1745 651 2076 704 substantia.
2114 649 2246 714 Qua:
2297 659 2480 703 autent
2519 663 2649 704 sunt
2697 655 2936 721 ejusdem
2992 667 3194 707 natura:
3238 669 3288 707 ct

73 747 264 817 ιπειδὴ
293 747 432 799 κατὰ
459 746 520 798 τὸ
542 747 631 798 ὑπ’
661 746 836 798 αὐτῶν
868 744 1211 796 εἰδικώτατον
1241 739 1378 802 εἶδος
1409 744 1520 801 ίσα,
1551 741 1631 792 διὸ

71 835 181 885 πᾶν
208 836 455 903 πρᾶγμα,
484 835 605 887 καθ’
632 829 707 886 ὧν
732 835 753 864 ⁸
783 835 1032 885 τάττεται
1055 833 1116 884 τὺ
1145 833 1319 899 γένος,
1358 833 1457 882 οὐκ
1487 833 1632 882 ἐστιν

71 925 254 992 φύσις,
285 926 406 977 οὐδὲ
433 926 589 976 οὐσία
611 925 708 987 τὰς
732 928 753 955 ⁹
780 925 869 975 ὑπ’
893 923 1062 991 αὐτῷ,
1085 917 1217 980 οἷον,
1241 921 1378 973 κατὰ
1405 921 1464 971 τὸ
1496 920 1631 982 ζῶόν

71 1016 210 1066 εἰσιν
237 1015 362 1075 ῖσοι,
394 1015 701 1082 ἄνθρωπος,
736 1015 919 1074 ἵππος,
951 1012 1096 1080 βοῦς,
1123 1012 1279 1070 λέων,
1305 1012 1460 1078 εῖπερ
1481 1009 1632 1070 ὄντες

75 1106 382 1172 ὁμογενεῖς,
421 1105 523 1154 οὐκ
549 1105 686 1156 είσ“ιν
709 1105 989 1171 ὁμοφυεῖς,
1011 1102 1131 1153 οὐδὲ
1147 1099 1436 1168 ὁμοούσιοι.
1471 1099 1633 1150 Ὅθεν

72 1194 137 1244 τὸ
169 1192 307 1254 ζῶον
339 1193 456 1243 ἔστι
480 1193 576 1260 μὲν
606 1191 778 1258 γένος,
805 1191 904 1242 οὑκ
928 1191 1041 1242 ἐστι
1079 1189 1134 1241 δὲ
1167 1189 1327 1256 φύσις
1351 1186 1483 1256 (50),
1513 1186 1632 1237 οὐδὲ

72 1282 257 1336 οὐσία.
295 1283 357 1334 ’Π
389 1282 568 1345 οὐσία,
601 1281 791 1350 ἡμετὰ
825 1281 931 1332 τῶν
954 1279 1257 1346 φιλοσόφων
1292 1277 1482 1344 φωνῶν
1507 1293 1634 1326 τατ-

72 1373 300 1440 τομένη.
345 1368 432 1441 ἦς;
463 1373 491 1422 ὁ
517 1372 640 1440 ὅρος
679 1370 915 1439 πρᾶγμα
957 1366 1358 1436 αὑθύπαρκτον,
1405 1365 1478 1433 μὴ
1521 1365 1635 1417 626-

79 1477 241 1527 μενον
271 1461 456 1527 ἑτέρου
487 1459 622 1529 πρὸς
670 1461 924 1511 σύστασιν
949 1498 964 1521 ,
1005 1457 1120 1508 ἐστι
1156 1456 1252 1523 μὲν
1292 1453 1444 1522 γένος
1473 1457 1635 1505 πᾶσιν

73 1553 188 1610 τοῖς
215 1549 304 1601 ὑπ’
339 1549 526 1617 αὐτὴν,
557 1548 851 1616 ἐπειδήπερ
879 1547 976 1598 ὅσα
1009 1546 1127 1598 κατ’
1155 1545 1325 1612 αὐτῆς
1351 1547 1496 1596 εστιν
1524 1544 1634 1606 ἴσα,

73 1639 314 1706 ὁμογενῆ
352 1638 566 1698 πάντως
613 1638 748 1700 ἐστὶ,
798 1638 892 1690 καὶ
943 1635 1196 1702 λέγεται*
1250 1635 1310 1686 οὐ
1353 1635 1459 1704 μὴν
1499 1634 1634 1702 αὐτή

76 1733 227 1782 ἐστιν
253 1729 428 1789 οὐσία,
462 1729 586 1780 οὕτε
614 1727 774 1796 φύσις
793 1743 806 1757 ·
848 1727 907 1779 οὗ
941 1727 1120 1779 πάντα
1161 1725 1270 1795 γὰρ
1308 1726 1374 1777 τὰ
1401 1727 1519 1776 κατ’
1544 1726 1637 1777 αὑ·

74 1824 180 1888 τὴν
224 1820 316 1872 ίσα
349 1821 441 1872 καὶ
483 1817 745 1889 ὁμοούσιά
777 1820 926 1881 ἑστι,
971 1817 1063 1868 καὶ
1095 1814 1331 1884 ὁμοφυῆ,
1355 1809 1450 1877 ’ὼς
1476 1817 1637 1866 πᾶσιν

71 1910 323 1977 εῠδηλον.
357 1909 486 1961 Ἰδοὺ
510 1908 616 1978 γὰρ
639 1907 941 1978 ἄνθρωπος,
966 1906 1060 1958 καὶ
1091 1907 1124 1974 ἡ
1152 1903 1270 1974 (Ioh,
1293 1903 1385 1954 καὶ
1418 1905 1445 1954 ὁ
1472 1902 1638 1964 λίθος,

78 2001 202 2053 κατ’
237 1999 406 2069 αὐτὴν
434 1998 532 2068 τὴν
559 1998 768 2062 οὐσίαν,
802 1997 938 2048 εἰσιν
984 1993 1075 2046 [σα
1096 2009 1110 2024 ⁸
1148 1993 1362 2062 δέχεται
1392 1993 1500 2062 γὰρ
1523 1991 1646 2044 ἔκα-

81 2107 208 2144 στον
229 2093 431 2143 τούτων
451 2090 510 2142 τό
533 2105 590 2140 τε
614 2088 806 2158 ὁνομα,
827 2085 1019 2140 καὶτὸν
1044 2087 1168 2154 ὅρον
1194 2084 1292 2152 τῆς
1323 2083 1528 2144 οὐσίας·
1546 2085 1644 2135 οὐκ

80 2181 193 2232 είσὶ
218 2180 274 2232 δι
304 2179 476 2233 ταῦτα
523 2177 806 2248 ὁμοούσια,
840 2176 962 2230 οὐδὶ
1010 2173 1242 2244 ὁμοφυῆ.
1277 2172 1367 2225 Διὸ
1429 2175 1462 2241 ἡ
1513 2190 1644 2241 προ-

79 2287 106 2322 ε
119 2270 345 2341 ίρημένη
360 2269 516 2323 οὐσία
535 2269 689 2338 γένος
716 2268 812 2338 μέν
830 2267 946 2319 ιστι
964 2264 1184 2327 τούτων,
1203 2263 1397 2332 μᾶλλον
1422 2262 1476 2314 δὲ
1499 2279 1641 2332 γενι-

80 2360 327 2412 κώτατον
379 2359 570 2427 γένος’
625 2357 727 2410 οὐκ
772 2356 887 2410 εστι
929 2354 987 2408 δὲ
1038 2353 1198 2423 φύσις
1256 2352 1466 2415 αὐτῶν,
1522 2349 1641 2403 οὐδὲ

79 2450 262 2504 οὐσία.

1731 740 2076 799 substantiae,
2101 738 2166 791 de
2199 739 2402 805 quibus
2433 741 2770 807 praedicatur
2804 760 2992 810 genus,
3027 761 3132 796 nou
3165 747 3287 811 quia

1732 838 1858 882 situt
1888 828 2120 896 aequalia
2178 829 2476 880 secundum
2509 845 2702 897 genus,
2736 834 2940 884 idcirco
2976 843 3104 886 sunt
3131 837 3284 895 eitts~

1730 918 1850 982 dent
1909 927 2116 970 natura:
2177 926 2231 971 et
2283 920 2644 983 substantias,
2697 923 2790 975 sed
2814 925 2940 990 quia
2995 926 3290 976 secundum

1732 1011 1989 1077 speciem,
2027 1023 2148 1076 quze
2175 1008 2317 1061 inira
2347 1025 2524 1076 genus
2559 1020 2664 1070 est.
2701 1023 2827 1064 sunt
2856 1016 3107 1080 :equalia.
3142 1014 3288 1078 Quo-

1734 1097 1880 1149 circa
1943 1097 2012 1148 de
2059 1097 2260 1163 quibus
2324 1098 2528 1150 dicitur
2576 1113 2765 1166 genus,
2827 1116 2936 1152 non
2985 1113 3068 1154 est
3124 1119 3290 1169 genus

1732 1201 1919 1240 eorum
1939 1198 2128 1240 natura
2172 1194 2226 1239 ct
2250 1188 2578 1251 substantia,
2603 1190 2753 1241 verbi
2774 1190 2968 1254 gratia,
2993 1193 3290 1244 secundum

1736 1275 1957 1335 animal,
1987 1276 2130 1344 quod
2153 1285 2234 1329 est
2256 1291 2450 1343 genus,
2476 1279 2711 1344 annuales
2729 1289 2854 1331 sunt
2889 1280 3074 1342 homo,
3095 1297 3291 1347 equus,

1735 1367 1855 1428 bos,
1889 1367 1996 1428 lco,
2030 1382 2151 1434 qum
2189 1367 2410 1434 quidem
2451 1377 2577 1419 sunt.
2619 1370 2858 1433 ejusdem
2901 1373 3139 1436 gent-ris.
3200 1376 3291 1424 swl

1735 1469 1842 1507 non
1867 1455 2110 1523 ejusdem
2140 1465 2366 1517 naturae,
2389 1472 2559 1523 neque
2592 1457 2749 1526 353
2777 1460 3116 1511 substantize.
3141 1458 3294 1512 Unde

1737 1546 1939 1598 animal
1972 1555 2053 1599 est
2081 1546 2300 1613 quidem
2356 1552 2547 1616 genus,
2583 1563 2688 1598 non
2728 1559 2907 1601 autem
2948 1560 3162 1609 natura,
3199 1569 3290 1601 uv-

1737 1654 1843 1706 qttc
1872 1639 2198 1691 substantia.
2233 1637 2558 1691 Substantia
2595 1640 2706 1703 illa,
2740 1657 2860 1709 qua:
2887 1643 2951 1692 ad
2991 1659 3150 1694 voces
3174 1645 3293 1711 phi-

1740 1728 2046 1798 losophicas
2107 1732 2360 1796 pertinet,
2411 1745 2572 1796 quam
2609 1731 2895 1794 deliuiuul,
2941 1749 3048 1785 rem
3095 1750 3188 1798 per
3237 1751 3295 1786 se.

1736 1821 2113 1878 oxsisteutetu,
2149 1833 2255 1872 non
2293 1818 2624 1888 indigentem
2672 1822 2801 1886 alio,
2832 1829 2889 1873 ut
2917 1822 3169 1881 exsistat.
3212 1833 3294 1874 est

1737 1907 1954 1977 quidem
2018 1924 2189 1977 geuus
2251 1923 2439 1961 eorum
2491 1909 2762 1972 omnium,
2803 1925 2924 1978 quae
2979 1911 3118 1962 intra
3174 1928 3292 1962 eam

1739 2007 1888 2060 sunt,
1917 1998 2185 2066 siquidem
2217 2013 2554 2065 quterunque
2586 1999 2880 2051 secundum
2916 1999 3087 2067 ipsam
3112 2016 3294 2068 a‘qua-

1741 2087 1810 2138 lia
1875 2093 2022 2148 sunt,
2067 2089 2293 2138 omnino
2345 2087 2588 2154 ejusdem
2641 2088 2855 2155 generis
2912 2087 3191 2150 dicuntur,
3247 2105 3298 2144 et

1741 2177 1897 2234 sunt;
1933 2185 2041 2222 non
2076 2181 2253 2224 tamen
2306 2181 2390 2225 est
2427 2188 2616 2224 eorum
2655 2181 2847 2227 natura
2881 2184 2936 2229 et
2967 2179 3296 2238 substantia,

1747 2258 1873 2327 quia
1923 2274 2030 2312 non
2078 2261 2284 2324 omnia,
2329 2276 2452 2328 quae
2504 2267 2805 2316 secundum
2865 2266 3032 2334 ipsam
3068 2271 3298 2338 aequalia

1749 2356 1894 2411 sunt,
1924 2346 2168 2416 ejusdem
2211 2359 2423 2405 natura:
2475 2361 2527 2406 et
2555 2355 2881 2409 substantia:
2921 2369 3068 2419 sunt.
3103 2372 3159 2412 ut
3185 2378 3300 2413 (ιιιισ

1751 2437 1912 2493 nibus
1931 2447 2014 2494 est
2033 2439 2398 2495 manifestum.
2427 2441 2784 2510 Homoenim,
2817 2457 2869 2501 et
2888 2424 3062 2503 malus
3085 2454 3301 2518 punica,

79 2539 301 2609 etlapis
327 2539 632 2595 secundum
695 2538 868 2609 ipsam
920 2535 1287 2591 substantiam
1350 2532 1575 2602 cqualia
1635 2535 1803 2592 sunt;
1843 2529 1972 2598 quia
2023 2531 2277 2599 quodque
2333 2535 2529 2603 recipit
2581 2550 2775 2590 nomen
2828 2547 2882 2591 et
2932 2539 3301 2594 deﬁnitionem

82 2630 437 2696 substantia;
485 2644 592 2684 non
644 2635 773 2684 sunt
816 2636 999 2681 tamen
1048 2624 1292 2693 ejusdem
1330 2635 1541 2677 natura:
1590 2628 1645 2676 et
1684 2619 2030 2674 substantiae.
2063 2621 2242 2687 Quare
2269 2623 2573 2678 substantia
2604 2628 2880 2695 proposita
2948 2646 3119 2698 genus
3177 2634 3303 2701 qui~

81 2723 209 2776 dem
266 2721 462 2773 horum
530 2727 633 2783 est,
692 2719 801 2772 imo
865 2731 1039 2787 genus
1099 2716 1607 2785 generalissimum;
1649 2725 1756 2765 nou
1796 2719 1972 2764 tamen
2004 2719 2088 2765 est
2120 2721 2315 2766 natura
2345 2729 2555 2780 eorum,
2621 2732 2798 2785 neque
2863 2721 3197 2775 substantia.

170 2812 521 2882 Ὤμολὸγηται
551 2811 732 2866 τοίνυν
768 2809 931 2879 διχῶς
959 2808 1214 2876 λέγεσθαι
1247 2808 1308 2860 τὸ
1339 2808 1511 2876 ὄνομα
1537 2806 1638 2872 τῆς

80 2903 296 2964 οὑπίας,
329 2902 560 2970 λογικῶς
588 2901 707 2971 ἅμα
763 2905 858 2955 καὶ
902 2899 1297 2969 φιλοσοφικῶς·
1346 2899 1534 2960 ἁπλῶς
1583 2896 1641 2949 δὲ

1813 2802 1991 2868 Quare
2020 2817 2209 2857 omnes
2234 2807 2574 2871 concedunt,
2624 2807 2917 2875 dupliciter
2947 2810 3054 2863 dici
3108 2828 3303 2865 nomen

1748 2894 2094 2958 substantia,
2133 2896 2307 2964 logice
2361 2905 2416 2950 et
2447 2897 2839 2967 philosophice,
2871 2907 2925 2952 et
2955 2910 3009 2953 ut
3044 2902 3306 2970 simplici-
3355 2904 3364 2911 ’

84 2993 253 3060 φάναι
283 2963 592 3062 πᾶντὸνομα
622 2963 965 3061 ιριλοσοφικὸν
987 2963 1183 3061 ἄρατὸ
1211 2989 1482 3058 λέγεσθαι,
1504 3004 1643 3057 παρ-

1748 2994 1832 3040 ter
1859 2987 2059 3049 dicam,
2085 3002 2246 3042 omne
2273 3002 2473 3043 nomen
2516 2989 2973 3061 philosophicum,
3015 2994 3196 3045 statim
3249 3003 3308 3046 ut

84 3087 204 3154 έχει
236 3083 315 3154 τῷ
360 3084 617 3137 ἀκούοντι
659 3083 769 3135 τῶν
820 3082 991 3135 ὄντων
1043 3100 1096 3134 τι
1125 3083 1264 3134 νοεῖν
1303 3080 1642 3149 ὡρισμένως,

83 3177 496 3247 ἀφαιρουμένης
523 3177 616 3228 ἀπ’
656 3174 838 3234 αὑτοῦ.
869 3175 1029 3244 δῆλον
1061 3175 1140 3228 ὅτι
1172 3174 1271 3242 τῆς
1307 3173 1643 3243 ὁμωνυμίας,

83 3267 232 3318 ὥστε
262 3265 424 3334 μηδὲν
452 3265 638 3336 ἕτερον
665 3265 724 3328 ἐξ
755 3264 918 3318 αὑτοῦ
954 3264 1190 3318 νοεῖσθαι
1210 3264 1466 3317 δύνασθαι
1496 3263 1648 3333 παρὰ

86 3357 151 3408 τὸ
197 3357 426 3424 πρᾶγμα
481 3355 542 3408 τὸ
580 3354 927 3425 ὁριζόμενον⁹
961 3351 1089 3418 οἷον,
1137 3355 1188 3407 εί
1229 3371 1312 3416 τις
1344 3353 1404 3406 τδ
1440 3353 1646 3423 ἄνθρω-

87 3463 190 3508 πος
242 3445 412 3516 ὄνομα
461 3447 631 3514 φαίη,
695 3445 882 3498 θᾶττον
948 3448 976 3498 ὁ
1039 3445 1385 3516 ἀκροώμενος
1435 3444 1649 3512 ὁριστὸν

91 3537 329 3604 πρᾶγμα
383 3539 514 3601 νοεῖ,
557 3535 700 3588 τοῦτ’
740 3536 853 3589 εστι
892 3537 1026 3599 ζῶον
1061 3536 1275 3603 λογικὸν
1309 3536 1522 3604 θνητὸν.
1555 3534 1647 3587 νοῦ

88 3623 186 3674 καὶ
221 3624 531 3692 ἐπιστήμης
579 3623 863 3677 δεκτικόν·
904 3626 1057 3678 οὐδὲν
1090 3625 1215 3677 ἄλλο
1258 3625 1550 3691 δυνάμενος
1586 3624 1650 3674 ἐκ

87 3711 188 3764 τοῦ
234 3712 521 3783 ἄνθρωπος
567 3714 828 3782 ὀνόματος
877 3714 1320 3778 καταλαϐέσθαι,
1369 3713 1509 3781 πλὴν
1554 3711 1647 3764 τοῦ

89 3803 405 3874 ὁρισθέντος
454 3805 798 3874 πράγματος.
864 3807 1046 3859 ’Ἃπαν
1095 3806 1150 3858 δὲ
1214 3805 1426 3873 λογικὸν
1481 3804 1650 3873 ὄνομα

91 3896 406 3965 λεγόμενον,
428 3896 489 3948 οὐ
519 3895 700 3948 δίδωσι
725 3881 802 3966 τῷ
831 3896 1079 3948 ἀκούοντι
1105 3899 1244 3948 νοεῖν
1271 3912 1321 3947 τι
1356 3895 1463 3946 τῶν
1485 3894 1650 3946 ὁντων

90 3985 385 4055 ἀορίστως,
422 3985 517 4038 ἆτε
555 3984 619 4056 δὴ
656 3986 750 4036 ἐπὶ
785 3984 996 4037 πολλῶν
1031 3985 1123 4036 καὶ
1150 3983 1419 4051 διαφόρων
1469 3998 1651 4050 πραγ-

93 4077 282 4143 μάτων
349 4075 650 4144 τιθὲμενον.
705 4070 870 4141 Οἷον,
918 4077 978 4128 τὸ
1033 4071 1169 4138 εἶδος
1222 4073 1391 4142 ὄνομα
1439 4072 1653 4140 λογικὸν

94 4167 364 4236 ὑπάρχον,
407 4166 676 4237 πολλαχοῦ
727 4167 1180 4238 περιφερόμενον,
1219 4164 1313 4218 καὶ
1361 4165 1652 4217 ἱπιπίπτον

1746 3077 1965 3144 dicitur,
2008 3077 2160 3141 facit,
2197 3089 2255 3132 ut
2282 3080 2374 3148 qui
2403 3082 2572 3144 audit,
2622 3083 2823 3151 aliquid
2853 3083 2986 3136 certi
3019 3092 3072 3136 et
3100 3084 3307 3137 deliniti

1747 3170 2035 3239 intelligat,
2070 3179 2276 3225 remota
2310 3173 2518 3227 scilicet
2561 3173 2627 3227 ab
2658 3188 2723 3226 eo
2768 3174 3139 3244 homonymia,
3188 3192 3307 3242 qua:
3411 3163 3416 3172 ’

1747 3262 2108 3330 aequivocatio
2142 3262 2251 3315 dici
2284 3264 2462 3328 solet;
2504 3263 2576 3316 ita
2611 3273 2669 3315 ιιι
2713 3264 2848 3317 nihil
2885 3265 3032 3317 aliud
3081 3266 3307 3334 intelligi

1748 3369 1810 3406 ex
1845 3367 1910 3406 eo
1943 3353 2116 3421 possit
2155 3361 2348 3421 praeter
2377 3368 2488 3406 rem
2522 3354 2823 3414 deliuitam,
2851 3365 2907 3406 ut
2940 3355 2982 3408 si
3017 3357 3136 3422 quis
3164 3357 3310 3408 dicat

1751 3443 1852 3496 hoc
1883 3457 2075 3496 nomen
2119 3443 2296 3505 homo,
2322 3444 2585 3495 continuo
2619 3444 2706 3512 qui
2739 3445 2908 3506 audit,
2953 3460 3063 3497 rem
3104 3454 3307 3497 certam

1752 3535 2042 3603 intelligit,
2090 3533 2287 3586 animal
2351 3535 2561 3588 scilicet
2624 3536 2854 3588 rationis
2917 3537 3192 3604 particeps
3258 3544 3311 3588 et

1751 3629 2016 3690 mortale;
2083 3641 2257 3695 neque
2315 3636 2491 3695 p0Iest
2527 3627 2670 3679 aliud
2727 3628 3003 3696 quippiam
3071 3644 3135 3681 ex
3196 3631 3312 3696 ipso

1751 3719 1970 3770 nomine
2021 3717 2255 3770 hominis
2293 3719 2756 3786 comprehendcre
2811 3728 3006 3785 prteter
3054 3735 3163 3773 rem
3215 3721 3312 3772 de-

1754 3809 1980 3860 liuitam.
2047 3804 2220 3861 Omne
2267 3821 2396 3860 vero
2468 3823 2664 3861 nomen
2736 3809 2966 3878 logicum
3017 3809 3179 3863 habet
3213 3812 3314 3864 hoc

1752 3898 2053 3966 proprium,
2088 3905 2146 3950 ιιι
2177 3913 2300 3951 cum
2330 3898 2555 3961 dicitur,
2588 3913 2695 3951 non
2735 3900 2989 3968 subjiciat
3017 3904 3184 3954 menti
3219 3918 3314 3954 au-

1752 3990 1951 4043 dientis
1976 3988 2178 4058 aliquid
2222 3989 2298 4044 rei
2325 3999 2488 4044 certa:
2535 4000 2588 4043 et
2614 3990 2872 4048 dellnitaz.
2913 3993 3040 4061 quia
3090 3995 3142 4046 in
3177 3997 3315 4046 mul-

1755 4084 1826 4134 tis
1875 4090 1929 4131 et
1967 4078 2197 4133 diversis
2239 4080 2403 4134 rebus
2447 4082 2687 4147 ponitur.
2738 4081 2804 4136 Ut
2839 4099 3035 4137 nomen
3077 4085 3313 4154 logicum

1755 4168 1988 4237 species,
2019 4169 2162 4236 quod
2197 4170 2577 4238 multipliciter
2607 4171 3013 4234 circumieitur,
3050 4185 3101 4227 et
3132 4176 3182 4226 in
3215 4175 3314 4226 ho-

93 4257 189 4309 ἐπὶ
215 4256 523 4326 ἀνθρώπου,
555 4259 650 4311 καὶ
681 4258 871 4321 ῐππου,
904 4257 998 4310 καὶ
1025 4256 1167 4326 βοὸς,
1199 4255 1293 4308 καὶ
1315 4253 1536 4324 χρυσοῦ,
1560 4253 1643 4306 καί

1756 4257 1978 4319 minem,
2024 4272 2222 4326 equum
2250 4297 2264 4320 ,
2318 4257 2528 4320 bovem,
2559 4275 2770 4322 aurum,
2807 4259 3100 4326 circulum,
3138 4277 3316 4332 gram-

92 4322 330 4412 κύκλου,⁷
369 4351 462 4402 καὶ
517 4351 938 4420 γραμματικῆς,
973 4322 1067 4402 καὶ
1098 4349 1189 4400 ἰπὶ
1238 4322 1528 4409 πλείστων,
1563 4347 1643 4400 καί

1761 4349 2036 4414 maticam,
2066 4322 2411 4418 plurimaque
2441 4351 2544 4404 alia
2576 4353 2760 4415 cadit,
2792 4368 2899 4405 non
2935 4354 3086 4417 sinit,
3138 4322 3196 4408 ut
3223 4371 3319 4408 au-

91 4440 482 4510 ὁιαφερόντων,
517 4442 578 4494 οὐ
619 4444 893 4512 συγχωρεῖ
929 4441 1019 4493 τὸν
1047 4440 1319 4510 ἀκροατὴν
1348 4439 1643 4509 ὡρισμένον

1757 4440 1902 4494 ditor
1927 4440 2131 4509 aliquid
2160 4441 2443 4493 deﬁnitum
2471 4442 2758 4509 intelligat.
2788 4442 3075 4509 Similiter,
3109 4447 3152 4498 si
3195 4448 3319 4514 quis

94 4546 148 4579 τι
179 4535 480 4584 κατανοεῖν.
528 4531 800 4594 Ὡσαύτως
833 4533 882 4583 εί
920 4532 1019 4602 μὲν
1062 4532 1210 4598 λέγοι
1241 4547 1323 4592 τις
1360 4529 1420 4580 τὸ
1451 4529 1660 4592 ιιαῦλος

96 4620 293 4690 ὄνομα,
333 4622 433 4690 τῆς
458 4623 772 4692 ὁμωνυμίας
805 4622 1304 4691 ὲκκεκαθαρμένον,
1323 4622 1661 4690 παραχρῆμα

95 4711 334 4764 νοεῖσθαι
366 4713 600 4779 δίδωσιν,
632 4713 707 4774 ὡς
752 4715 885 4781 φέρε
919 4715 1114 4777 είπεῖν,
1156 4712 1248 4764 τὸν
1280 4712 1452 4781 μέγαν
1499 4712 1661 4764 Ἀπό-

99 4803 306 4865 στολον,
335 4803 427 4854 τόν
457 4819 586 4856 ποτε
637 4805 739 4874 τῆς
779 4802 1106 4870 Ἐκκλησίας
1139 4803 1394 4872 διώκτην,
1438 4803 1531 4855 καὶ
1557 4802 1657 4865 τὰς

97 4894 263 4956 ἄλλας
323 4894 625 4965 ίδιότητας,
678 4891 766 4958 αἷς
814 4892 1275 4966 χαρακτηρίζεται
1339 4897 1467 4964 περὶ
1517 4887 1577 4946 οὗ
1629 4897 1657 4948 ὁ

99 4985 321 5048 σκοπὸς,
357 4988 560 5047 αἵτινες
601 4989 700 5041 οὐκ
748 4989 812 5042 ἄν
860 5005 988 5039 ποτε
1018 4987 1109 5039 ἐπί
1163 5003 1306 5049 τινος
1357 4986 1516 5040 ἄλλου
1563 4987 1656 5055 γέ-

99 5093 295 5131 νοιντο.
326 5078 388 5130 Εί
420 5071 476 5130 δέ
511 5096 592 5142 τις
629 5079 827 5148 ἄτομον
851 5078 994 5131 εἴποι
1031 5078 1201 5146 ὄνομα
1256 5079 1528 5146 περιθέον,
1566 5079 1659 5130 καὶ

1757 4527 1903 4580 dicat
1935 4542 2132 4580 nomen
2163 4527 2362 4580 Paulus
2394 4529 2740 4600 homonymia
2771 4531 3034 4585 nudatum
3062 4572 3075 4596 ,
3135 4537 3317 4588 statim

1757 4616 2131 4686 intelligimus,
2162 4619 2311 4672 verbi
2343 4621 2514 4689 gratia
2535 4660 2549 4683 ,
2583 4635 2838 4690 magnum
2875 4621 3099 4676 Paulum
3136 4627 3322 4679 Eccle-

1760 4708 1853 4762 sia
1887 4709 2162 4777 quondam
2195 4721 2597 4777 persecutorem
2619 4752 2633 4777 ,
2669 4728 2792 4765 cum
2823 4714 2944 4768 aliis
2972 4717 3322 4784 proprietati—

1765 4800 1886 4863 bus,
1910 4800 2111 4869 quibus
2136 4801 2403 4872 signatur,
2430 4804 2496 4857 de
2529 4820 2636 4873 quo
2667 4809 3010 4874 propositum
3038 4817 3121 4862 est
3154 4809 3320 4877 loqui,

1763 4907 1883 4962 qua
1909 4893 2124 4962 quidem
2160 4896 2519 4963 proprietates
2560 4913 2836 4966 nunquam
2888 4899 2941 4951 in
2986 4900 3095 4952 alio
3132 4901 3321 4954 insint.

1764 4983 1819 5036 Si
1852 4983 1975 5052 quis
2006 4998 2135 5036 vero
2175 4984 2322 5038 dicat
2356 5001 2553 5042 nomen
2582 4988 2684 5042 hoc
2720 4989 3081 5052 individuum,
3117 4990 3326 5045 inﬁnite

1764 5073 1936 5129 fertur
1961 5075 2014 5128 in
2045 5076 2252 5140 multis,
2287 5086 2344 5130 ut
2375 5078 2428 5131 in
2455 5078 2644 5144 Paulo,
2675 5079 2858 5144 Petro,
2894 5083 2994 5136 hoc
3029 5097 3185 5150 equo,
3226 5081 3326 5138 hoc

1407 5252 1643 5308 VARIE
1677 5251 2083 5309 LECTIONES.

172 5366 194 5400 τ
222 5354 408 5422 αὐτοῦ.
484 5370 505 5400 ⁸
537 5365 738 5424 καθόὗ
789 5369 884 5424 sed
917 5367 1054 5423 ferri
1099 5377 1279 5440 potest
1318 5372 1482 5424 etiam
1518 5369 1688 5423 altera
1723 5369 1908 5425 lectio.
1983 5370 2002 5401 ⁹
2031 5369 2158 5423 τῶν.

1605 5523 1832 5580 NOTAE.

177 5635 288 5706 (30)
331 5635 543 5706 Accipit
576 5633 895 5690 Theodorus
931 5650 1127 5691 nomen
1181 5643 1385 5687 natura:
1427 5643 1498 5706 ict
1531 5635 1663 5689 sub-

111 5707 328 5762 stantia
367 5705 629 5774 strictius,
661 5721 759 5775 pro
795 5707 965 5776 gradu
1003 5707 1258 5761 nimirutn
1295 5705 1547 5774 speciiico
1577 5707 1664 5759 in-

1772 5636 1934 5696 limo;
1965 5649 2073 5704 quo
2102 5646 2261 5705 parto
2286 5636 2396 5692 duo
2420 5638 2672 5695 homines
2696 5646 2823 5694 sunt
2852 5614 3096 5706 ejusdem
3126 5646 3332 5693 natura:

1771 5717 1824 5760 et
1856 5707 2376 5775 consubstantialcs,
2405 5724 2513 5764 non
2549 5719 2727 5764 autem
2757 5709 2920 5765 homo
2950 5719 2999 5762 ct
3027 5723 3200 5763 catus.
