4086 6454
76 309 197 372 16τῖ

1451 307 1874 370 οΡυδαυιΑ..

3160 303 3291 366 1478

75 419 285 486 Πέτρον,
333 417 426 470 καὶ
494 416 745 480 Παῦλον,
801 418 894 468 καὶ
963 419 1216 485 Ἰωάννην
1265 416 1440 476 εἴποις
1488 414 1629 466 εἶναι

1747 428 1912 474 ,ι·υιιι,
1965 418 2018 464 et
2048 409 2305 474 Paulum,
2347 420 2400 463 et
2426 408 2694 464 Joannem
2726 425 2848 464 csse
2881 418 2994 466 tres
3023 411 3296 476 homines.

70 511 208 578 τρεῖς
254 507 595 577 ἀνθρώπους,
639 505 963 577 ἠριθμηκὼς
1018 508 1117 576 ἔσῃ
1171 506 1199 558 6
1251 503 1326 574 μὴ
1388 503 1620 572 προὲθου

71 597 491 648 καθυποὸάλλειν
523 595 764 666 ἀριθμῷ.
809 596 1134 666 Προέφημεν
1177 593 1284 662 γὰρ
1317 595 1353 624 ⁸⁸
1394 594 1486 644 τὸν
1528 592 1622 642 ἄν·

70 685 276 754 θρωπον
316 687 389 754 μὴ
438 682 578 738 εἶναι
618 686 823 754 μηδένα
857 685 1080 738 τούτων.
1126 686 1189 736 El
1221 685 1276 737 δὲ
1308 685 1401 736 καὶ
1429 683 1626 745 αὐτοὺς

70 776 281 835 τούτους
338 773 475 828 εἶναι
535 779 684 845 τρεῖς
720 775 920 843 λέγοις,
978 777 1207 827 ἕκαστον
1247 773 1428 826 αὑτῶν
1478 775 1625 843 τρεῖς

70 865 408 934 ἁριθμήσεις,
445 866 587 918 ὥστε
621 865 748 926 τοὺς
779 867 930 931 τρεῖς
958 867 1036 925 εἰς
1063 865 1218 915 ὲννέα
1257 861 1629 914 πολυπλασια-

71 959 278 1026 σθῆναι,
319 960 457 1026 ὅπερ
505 957 791 1010 ἀδύνατον.
835 957 1113 1008 Ἐντεῦθεν
1141 955 1454 1021 ἀναγκαίως
1513 957 1626 1005 εἰσ-

70 1049 289 1116 φέρεται
313 1048 373 1098 τὸ
406 1048 718 1115 ἐφαρμόζον
745 1048 923 1099 αὑτῶν
952 1049 1166 1115 ἑκάστῳ
1186 1047 1402 1111 λογικὸν
1432 1045 1624 1114 ὄνομα,

70 1139 92 1186 ὃ
125 1142 287 1197 ἐστιν,
317 1138 638 1199 ὑπόστασις,
678 1138 884 1206 ἄτομόν
920 1154 979 1188 τε
1025 1139 1118 1188 καὶ
1157 1137 1468 1206 πρόσωπον,
1501 1137 1627 1187 καθ’

70 1227 167 1278 ὖοί
206 1228 557 1297 προτεθέντες
614 1229 986 1297 ἀριθμηθῆναι
1028 1228 1246 1296 ἀριθμῷ
1278 1227 1631 1298 καθυποὸὶηο

70 1318 343 1384 θήσονται,
380 1322 527 1384 τρεῖς
579 1319 928 1380 ὑποστάσεις,
971 1318 1004 1386 ἢ
1053 1321 1253 1388 ἄτομα,
1290 1319 1322 1386 ἢ
1364 1319 1630 1386 πρόσωπα

70 1408 363 1475 λεγόμενοι.
395 1409 550 1460 Κατὰ
577 1408 768 1459 τοῦτον
787 1409 851 1477 δὴ
883 1410 974 1461 τὸν
1002 1409 1202 1476 τρόπον
1226 1408 1629 1470 ἀποδείκνυται,

70 1497 144 1566 μὴ
172 1494 310 1549 εἶναι
362 1498 450 1548 τὸν
499 1499 743 1566 Πατέρα,
778 1498 994 1551 καὶτὸν
1022 1498 1178 1562 Υἱὸν,
1215 1499 1308 1550 καὶ
1367 1499 1428 1550 τὸ
1480 1500 1639 1563 ἅγιον

68 1589 287 1656 ΙΙνεὺμα
340 1592 488 1656 τρεῖς
534 1589 709 1651 θεοὺς,
738 1590 786 1640 εί
839 1589 1177 1641 καὶτούτων
1227 1589 1455 1650 ἕκαστος
1504 1590 1634 1650 Θεός

68 1681 180 1730 ἐστι
203 1680 425 1740 τέλειος,
454 1679 643 1746 ὥσπερ
690 1679 921 1741 ἕκαστος
950 1678 1176 1730 ἐκείνων
1221 1677 1508 1748 ἄνθρωπος
1547 1680 1634 1731 τέ-

1727 501 2044 554 numerabis
2076 540 2090 562 ,
2148 516 2291 570 quos
2341 515 2448 552 non
2497 508 2614 552 erat
2650 503 2988 568 propositum
3026 503 3298 564 subjicere

1729 608 1980 645 numero.
2039 590 2286 644 Diximus
2334 591 2480 644 enim
2528 601 2686 643 antea
2747 592 3023 645 hominem
3089 597 3296 646 nullum

1727 683 1923 735 horum
1958 698 2101 737 esse.
2157 681 2211 734 Si
2245 691 2428 734 autem
2485 681 2584 735 hos
2619 684 2764 749 ipsos
2819 683 2966 736 dicas
3016 695 3124 736 tres
3155 702 3295 747 esse,

1728 787 2176 841 unumquemque
2216 773 2414 825 horum
2449 775 2766 827 numerabis
2819 784 2972 838 tres;
3010 787 3065 826 ιιι
3102 788 3212 827 ιιι-ε
3246 780 3297 828 ιιι

1726 879 1920 917 novem
1961 865 2418 932 multiplicentur,
2462 865 2605 932 quod
2641 866 2755 916 lict'i
2790 881 2895 918 non
2931 875 3127 934 pult‘st.
3165 867 3301 919 Ilinc

1730 955 2043 1008 necessario
2095 955 2328 1008 infertur
2354 997 2367 1017 ,
2409 971 2642 1016 nomen,
2679 958 2822 1023 quod
2857 959 3053 1024 Cltiqtii:
3101 958 3297 1008 ΙιιιΓιιιιι

1728 1046 2008 1114 congruit,
2041 1045 2274 1111 logicum
2307 1061 2452 1106 esse,
2483 1046 2628 1112 quod
2665 1057 2750 1099 est
2785 1048 3124 1114 hypostasis,
3161 1046 3302 1097 indi-

1730 1136 1976 1197 viduum,
2005 1150 2259 1204 persona,
2295 1145 2571 1202 quatenus
2603 1139 2868 1204 pr0positi
2901 1148 3077 1196 erant,
3115 1149 3168 1188 ut
3205 1153 3304 1188 ιιιι-

1733 1235 2076 1279 lucrarentur
2098 1264 2112 1287 ,
2176 1226 2252 1276 ita
2291 1233 2346 1276 ut
2379 1226 2642 1278 dicantur
2673 1237 2782 1280 tres
2814 1227 3134 1294 hypnstascs
3155 1266 3167 1287 ,
3223 1228 3306 1279 vel

1732 1315 2041 1375 individua,
2077 1315 2162 1367 vel
2211 1330 2485 1382 personzc.
2521 1314 2576 1367 In
2621 1317 2766 1369 hunc
2815 1319 3034 1368 modutn
3082 1319 3308 1368 demon-

1734 1412 1967 1459 stratum
1987 1411 2091 1466 est,
2120 1420 2226 1456 non
2247 1420 2368 1458 esse
2385 1403 2625 1466 Patrem,
2652 1415 2703 1456 et
2737 1404 2955 1470 Filium,
2975 1417 3026 1458 et
3047 1407 3307 1473 Spiritum

1734 1505 1982 1548 sanctum
2026 1506 2136 1547 tres
2195 1496 2351 1554 deos,
2407 1505 2511 1549 etsi
2560 1499 2941 1564 unusquisque
2986 1499 3200 1549 illorum
3229 1506 3311 1549 cst

1742 1584 1883 1637 Leus
1935 1585 2234 1652 perlectus,
2290 1587 2749 1653 quemadmodum
2809 1590 3043 1656 quisque
3092 1590 3309 1642 illorum

1735 1676 1899 1729 homo
1924 1675 2224 1745 perfectus,
2261 1694 2368 1730 non
2395 1689 2576 1730 tamen
2604 1678 2863 1731 dicuntur
2895 1689 3006 1734 trcs
3040 1681 3310 1752 homines.

68 1769 224 1832 λειος,
270 1770 386 1822 ἀλλ’
425 1772 484 1822 οὑ
521 1770 770 1836 λέγονται
812 1772 960 1838 τρεῖς
1007 1769 1306 1838 ἄνθρωποι.
1344 1768 1402 1820 '0
1447 1769 1633 1838 Πατὴρ

1747 1768 1893 1821 l’ater
1911 1769 2097 1836 igitur,
2127 1778 2179 1822 et
2202 1767 2396 1831 Filius,
2422 1778 2475 1822 ct
2496 1767 2736 1837 Spiritus
2762 1781 2987 1824 sanctus
3014 1781 3126 1824 tres
3147 1774 3313 1840 hypo—

68 1862 264 1926 τοίνυν,
303 1863 397 1913 καὶ
432 1864 458 1913 6
504 1863 652 1926 Υἱὸς,
705 1862 800 1914 καὶ
839 1861 900 1913 τὸ
926 1860 1148 1929 Πνεῦμα
1194 1863 1255 1913 τὸ
1285 1861 1439 1928 ἅγιον
1487 1864 1636 1931 τρεῖς

68 1955 203 2005 εἰσιν
254 1954 601 2017 ὑποστάσεις,
635 1954 824 2022 ὥσπερ
865 1955 1129 2006 κάκεῖνοι.
1178 1955 1272 2006 Ἐκ
1330 1953 1392 2021 δὴ
1447 1951 1637 2006 τούτου

68 2039 388 2110 γνωσόμεθα
419 2044 626 2109 σαφῶς,
679 2026 790 2094 δεῖν
829 2041 1215 2111 ὁμολογεῖσθαι
1255 2044 1349 2094 τὸν
1403 2042 1639 2111 Χριστὸν

68 2128 202 2186 εἶναι
241 2133 370 2200 μίαν
417 2134 716 2184 ὑπόστασιν
754 2135 812 2183 ὲν
841 2133 961 2183 δυσὶ
998 2132 1247 2199 φύσεσιν.
1284 2132 1440 2184 Ἐστι
1479 2132 1584 2200 γὰρ
1612 2132 1640 2184 6

68 2225 297 2294 Χριστὸς
328 2227 356 2276 6
389 2224 482 2276 τοῦ
520 2224 656 2275 Θεοῦ
714 2223 884 2284 ἀῖδος
919 2223 1044 2284 Υἱὸς
1078 2223 1106 2274 6
1141 2224 1470 2292 σαρκωθεὶς,
1494 2222 1639 2276 τοῦτ’

68 2315 235 2379 ἔστιν,
266 2317 300 2386 ἠ
335 2317 432 2386 μία
467 2317 566 2385 τῆς
618 2315 780 2382 ἁγίας
821 2314 1051 2384 Τριὰδος
1093 2315 1391 2376 ὑπόστασις
1440 2331 1640 2384 σεσαρ-

68 2410 314 2478 κωμένη,
347 2412 442 2462 καὶ
476 2409 615 2478 αὕτη
659 2413 692 2478 ὴ
729 2409 1055 2471 ὑπόστασις,
1100 2411 1268 2480 ἧγουν
1309 2411 1478 2473 ἀΐδιος
1517 2410 1642 2473 Υἱός

68 2501 215 2552 ἔστιν
253 2501 491 2571 δἀὐτὸς
522 2500 652 2561 Θεὸς
700 2498 860 2568 όμοῦ,
904 2501 998 2552 καὶ
1036 2500 1345 2570 ἄνθρωπος.
1382 2501 1645 2569 Βουλόμε-

68 2609 152 2653 νος
186 2572 368 2644 τοίνυν
398 2590 706 2660 ἀριθμῆσαι
744 2590 898 2652 Θεὸν,
948 2591 1043 2643 καὶ
1087 2591 1394 2660 ἄνθρωπον,
1433 2591 1468 2642 ἆ
1500 2595 1645 2642 ἐστιν

68 2683 239 2746 ἀΐδιος
260 2684 418 2748 Θεὸς,
447 2682 597 2735 τοῦτ’
629 2683 777 2736 ἐστιν
800 2684 833 2752 ἡ
861 2681 958 2751 μία
988 2683 1306 2745 ὑπόστασις,
1334 2685 1393 2735 οὑ
1423 2683 1646 2735 δύνασαι

68 2774 292 2835 τούτους
331 2776 511 2825 εἰπεῖν
562 2774 892 2835 ὑποστάσεις
933 2769 1072 2824 εἶναι
1131 2773 1242 2825 δύο.
1300 2772 1436 2825 Οὑτε
1483 2773 1590 2840 γὰρ
1619 2773 1648 2823 6

68 2863 200 2926 Θεὸς
233 2863 426 2932 ὄνομα,
446 2863 571 2916 οὔτε
602 2864 1007 2932 τὸ,ἇνθρωπος,
1029 2866 1330 2917 ὑπόστασιν
1362 2865 1640 2933 σημαίνει.

84 2951 147 3003 Ἠ
183 2952 282 3020 μὲν
315 2952 614 3014 ὑπόστασις
647 2951 862 3013 οὐδενὸς
893 2953 1029 3014 ὅλως
1061 2957 1474 3022 κατηγορεῖται,
1510 2955 1648 3006 ὥστε

69 3043 174 3095 οὐκ
199 3043 348 3095 ἐστιν
380 3043 534 3094 οὐδὲν
562 3043 770 3096 τούτων
807 3043 1126 3105 ὑπόστασις.
1165 3043 1300 3099 Οὔτε
1330 3044 1435 3114 μὴν
1473 3046 1649 3096 ἔοικεν

68 3134 248 3185 εἰπεῖν
279 3132 368 3185 τὸν
392 3132 524 3185 Θεὸν
550 3133 643 3185 καὶ
672 3134 762 3185 τὸν
788 3131 1100 3202 ἄνθρωπον,
1134 3132 1227 3185 δύο
1251 3134 1404 3202 γένη,
1434 3133 1648 3202 ἐπειδὴ-

71 3239 181 3293 περ
215 3224 451 3275 ἕκαστον
481 3223 638 3290 γένος
671 3224 805 3275 [διον
833 3223 875 3253 “
911 3226 1332 3294 κατηγορεῖται·
1365 3225 1569 3278 τούτων
1595 3225 1653 3277 δὲ

68 3315 226 3367 οὐδὲν
258 3317 649 3382 κατηγορεῖται
675 3315 825 3366 [διον.
875 3313 1015 3364 Ἀλλ’
1040 3313 1162 3365 οὑδὲ
1193 3314 1289 3366 δύο
1331 3315 1448 3384 εἴδη
1478 3316 1652 3384 ἁρμό-

70 3405 160 3470 ζει
194 3405 392 3467 αὑτοὺς
429 3405 708 3472 λέγεσθαι.
736 3405 1012 3457 Ἕκαστον
1043 3404 1153 3475 γὰρ
1199 3405 1380 3457 αὐτῶν
1422 3406 1528 3458 ὑπὸ
1562 3407 1658 3470 γέ-

70 3513 163 3558 νος
193 3497 471 3549 τὰττεται.
497 3495 629 3556 Θεὸς
658 3495 713 3547 δὲ
745 3496 843 3562 οὑχ
892 3498 969 3558 είς
998 3496 1155 3562 γένος
1197 3497 1652 3565 ὑποταχθήσεται,

69 3587 150 3648 ὡς
185 3586 300 3656 ἔχει
340 3586 649 3654 ἄνθρωπος,
679 3586 759 3638 διὸ
793 3586 1128 3657 κυριώεερόν
1171 3589 1320 3640 ἐστιν
1351 3587 1656 3658 ἀριθμῆσαι

71 3676 253 3729 ταῦτα
296 3674 390 3728 δύο
436 3676 650 3743 φύσεις,
687 3677 906 3728 καὶδύο
955 3677 1162 3742 οὐσίας.
1213 3677 1505 3748 Ἑκάτερον
1549 3679 1658 3750 γὰρ

73 3767 286 3831 αὑτῶν,
318 3767 412 3820 καὶ
440 3766 603 3835 φύσις
635 3768 810 3830 ἐστὶν,
845 3767 938 3820 καὶ
981 3768 1137 3820 οὑσία
1169 3771 1280 3829 τοῖς
1316 3761 1389 3820 ὧν
1419 3785 1659 3838 κατηγο-

76 3862 281 3929 ρεῖται.
313 3859 426 3912 Οὐκ
459 3858 576 3927 ἔχει
618 3859 728 3929 γὰρ
761 3859 915 3911 οὐδὲν
950 3859 1058 3910 τῶν
1100 3857 1190 3926 ὑφ’
1228 3860 1504 3930 ἑκατέρων
1536 3862 1660 3914 τοὺ-

73 3968 189 4003 των
221 3950 550 4012 συστατικὰς
604 3950 908 4020 διαφορὰς,
973 3951 1141 4020 ἧγουν
1209 3950 1492 4011 οὑσιώδειῖ
1567 3951 1662 4004 καὶ

74 4042 342 4110 φυσικὰς,
374 4040 514 4093 ὥστε
537 4042 696 4110 φύσις
724 4044 817 4094 καὶ
848 4042 1030 4106 οὐσία,
1069 4040 1178 4094 τῶν
1204 4041 1248 4073 ⁸⁸
1279 4042 1401 4095 καθ’
1425 4037 1498 4096 ὧν
1526 4063 1545 4094 >
1563 4060 1661 4095 av-

72 4137 394 4205 ηγορεῖται,
428 4135 694 4204 ἑκάτερον
721 4130 883 4189 εἶναι.

156 4227 257 4278 Διὰ
284 4225 496 4280 πολλῶν
526 4221 620 4278 οὖν
670 4227 1077 4288 ἀποδέδεικται,
1124 4226 1198 4297 μὴ
1234 4224 1372 4280 εἶναι
1413 4227 1511 4296 τὴν
1534 4228 1666 4281 ὑπό-

78 4333 282 4370 στασιν
315 4319 499 4385 φύσιν,
550 4319 688 4388 μήτε
746 4318 854 4389 μὴν
901 4319 1090 4371 οὐσίαν
1125 4319 1222 4389 τὴν
1268 4319 1512 4390 λογικὴν,
1565 4323 1664 4392 τὴν

1737 1865 1913 1909 stases
1949 1867 2078 1908 sunt
2108 1894 2124 1918 ,
2177 1858 2322 1911 sicut
2349 1859 2449 1910 illi.
2486 1857 2563 1910 Ex
2587 1859 2671 1912 his
2719 1863 3314 1928 coguosccmusmani-

1740 1949 1876 2003 festc
1931 1949 2303 2002 conﬁtendum
2372 1965 2544 2013 esse,
2615 1951 2897 2005 Christum
2949 1969 3072 2006 esse
3154 1969 3314 2005 unam

1740 2040 2077 2108 hypostasiin
2139 2041 2192 2093 in
2254 2041 2469 2096 duabus
2522 2045 2739 2097 naturis
2797 2045 2966 2112 (51).
3030 2045 3124 2098 Est
3171 2049 3314 2099 enim

1739 2131 1995 2185 Chrisuus
2052 2139 2294 2184 aeternus
2367 2130 2462 2185 Dei
2527 2132 2745 2198 Filius,
2828 2137 2922 2204 qui
3002 2136 3318 2191 incarnatus

1739 2224 1856 2277 est,
1922 2217 1975 2269 id
2043 2227 2167 2281 est,
2233 2233 2338 2272 una
2401 2221 2714 2290 hypostasis
2761 2234 2969 2278 sancta:
3027 2225 3319 2280 Trinitatis

1743 2308 2052 2371 iucarnata,
2085 2319 2138 2362 et
2170 2309 2286 2364 haec
2323 2310 2667 2380 hypostasis,
2709 2322 2953 2368 atcrnus
2987 2318 3200 2370 scilicet
3229 2315 3320 2369 Fi-

1743 2400 1848 2453 lius
1879 2411 1962 2454 est
1999 2401 2138 2456 idem
2171 2402 2314 2457 Deus
2346 2405 2508 2457 simul
2545 2414 2598 2459 et
2634 2406 2820 2460 homo.
2869 2408 3050 2473 Quare
3084 2410 3175 2471 qui
3208 2412 3322 2462 vult

1745 2509 2036 2547 numerare
2090 2494 2256 2548 Deum
2311 2507 2366 2550 et
2408 2497 2720 2560 hominem,
2769 2513 3049 2569 quarsunt
3087 2513 3323 2557 aternus

1747 2582 1916 2637 Filius
1941 2621 1958 2646 ,
2013 2585 2065 2638 id
2101 2595 2186 2638 est
2227 2602 2334 2638 una
2386 2588 2734 2656 hypostasis,
2791 2607 2897 2644 non
2931 2601 3110 2660 potest
3139 2594 3325 2647 dicere

1745 2691 1871 2729 esse
1910 2676 2011 2729 hos
2039 2676 2178 2732 duas
2219 2677 2564 2748 hypostases.
2601 2678 2710 2733 Nec
2744 2681 2889 2733 enim
2921 2698 3120 2736 nomen
3154 2683 3320 2745 Deus,

1749 2782 1926 2834 neque
1953 2782 2150 2821 nomen
2191 2768 2354 2820 homo
2379 2769 2699 2839 hypostasin
2723 2771 3019 2841 signiﬁcat.
3051 2773 3322 2844 "yposln-

1749 2860 1825 2912 sis
1855 2858 2001 2911 enim
2031 2859 2099 2914 de
2139 2861 2293 2914 nullo
2323 2865 2547 2915 omnino
2585 2865 2937 2930 pradiczitur.
2983 2868 3163 2931 Quare
3193 2867 3329 2920 nihil

1752 2947 1948 3000 horum
1980 2958 2066 3002 est
2096 2950 2428 3020 liypostasis.
2473 2951 2661 3021 Neque
2693 2954 2909 3009 videtur
2941 2957 3104 3011 licere
3147 2958 3330 3011 dicere

1753 3037 1924 3092 Deum
1974 3050 2029 3094 et
2080 3042 2356 3096 hominem
2407 3043 2519 3097 duo
2571 3061 2797 3111 genera,
2831 3048 3099 3116 siquidem
3132 3067 3332 3103 unum-

1752 3134 2006 3199 quodque
2033 3148 2207 3201 genus
2241 3134 2308 3187 de
2339 3137 2633 3201 speciebus
2664 3141 2996 3206 praedicatur
3023 3179 3037 3201 ,
3068 3143 3211 3209 quod
3246 3143 3334 3194 hic

1754 3238 1863 3275 non
1913 3227 1989 3277 lit.
2044 3223 2232 3294 Neque
2259 3229 2520 3281 convenit
2571 3228 2753 3283 dicere
2784 3246 2878 3284 eos
2909 3231 3048 3286 duas
3096 3233 3332 3300 species.

1756 3312 2112 3383 Unaquaeque
2167 3317 2315 3371 enim
2371 3319 2587 3388 species
2642 3321 2746 3374 sub
2772 3336 2972 3390 genere
3004 3324 3333 3378 collocatur.

1760 3403 1899 3460 Deus
1940 3415 2122 3461 autem
2173 3424 2282 3462 non
2318 3409 2479 3465 habet
2523 3428 2719 3482 genus,
2780 3415 2887 3468 sub
2911 3431 3022 3482 quo
3059 3417 3338 3470 collocan-

1757 3495 1862 3549 dus
1889 3497 1982 3561 sit,
2025 3498 2172 3553 sicut
2200 3501 2364 3554 habet
2387 3501 2571 3555 bomo.
2596 3505 2961 3568 Quamobrem
2999 3508 3172 3576 magis
3211 3525 3337 3576 pro-

1758 3589 1939 3655 prium
1973 3599 2094 3653 est,
2139 3606 2435 3646 numerare
2466 3594 2578 3646 haec
2611 3594 2750 3647 duas
2786 3605 3013 3652 naturas
3035 3635 3048 3658 .
3111 3607 3164 3651 et
3199 3599 3338 3653 duas

1758 3681 2120 3737 substantias.
2159 3683 2468 3754 Utrumque
2494 3688 2641 3740 enim
2683 3704 2873 3742 eorum
2909 3700 2995 3744 est
3024 3700 3076 3744 et
3120 3705 3336 3758 natura,

1759 3781 1813 3828 et
1861 3774 2172 3829 substantia
2242 3776 2311 3830 iis
2359 3779 2427 3832 de
2478 3779 2686 3848 quibus
2753 3782 3140 3849 pra-dicantur.
3195 3783 3340 3838 Nihil

1762 3867 1907 3921 enim
1943 3867 2047 3921 sub
2076 3878 2310 3937 utroque
2343 3870 2536 3923 horum
2571 3871 2734 3925 habet
2769 3874 3157 3929 constitutivas
3183 3876 3339 3931 dilic-

1763 3960 1977 4013 rcntias
2001 4000 2015 4024 ,
2046 3964 2132 4013 vel
2161 3960 2558 4016 substantiales
2590 3973 2642 4015 et
2679 3967 2956 4020 naturales
2983 4005 2998 4030 ,
3041 3975 3101 4019 ut
3134 3968 3202 4021 sit
3242 3983 3342 4020 na-

1769 4058 1893 4102 tura
1928 4088 1941 4111 ,
1977 4061 2031 4104 et
2067 4051 2377 4105 substantia
2413 4061 2708 4123 utrumque
2758 4070 2973 4121 eorum,
3024 4058 3092 4112 de
3140 4059 3343 4126 quibus

1762 4138 2114 4208 praedicatur.
2525 4134 2537 4143 ’

1833 4231 1998 4302 356
2045 4232 2490 4290 Demonstratum
2545 4237 2713 4307 igitur
2749 4249 2832 4294 est
2897 4241 3180 4309 pluribus,
3237 4259 3343 4296 non

1773 4339 1897 4378 esse
1929 4325 2271 4395 hypostasim
2298 4336 2573 4389 naturam.
2604 4345 2781 4399 neque
2818 4333 3182 4386 substantiam
3216 4336 3350 4401 lngi-

78 4410 231 4463 κατὰ
299 4411 477 4461 πάντα
539 4411 740 4479 τρόπον
792 4408 1192 4477 περιθέουσαν,
1275 4409 1421 4480 ὡςὴ
1479 4410 1639 4479 φύσις

1772 4430 1918 4480 cam,
1973 4432 2096 4484 qua:
2131 4420 2395 4476 omnibus
2446 4421 2624 4473 modis
2658 4425 2894 4486 circuit,
2944 4412 3346 4480 sicut‘natura.

93 4501 322 4570 Ἐπειδὴ
347 4501 403 4554 δὲ
440 4503 473 4572 ἡ
514 4499 796 4569 όρθοδοξία
821 4503 1010 4571 φησὶν.
1057 4502 1134 4572 μὴ
1183 4499 1324 4554 εἶναι
1375 4503 1473 4574 τὴν
1506 4503 1666 4571 φύσιν

79 4592 390 4644 ὑπόστασιν
443 4593 572 4662 μίαν
623 4592 730 4644 τῶν
784 4593 906 4644 καθ’
941 4588 1016 4645 ὧν
1067 4597 1495 4664 κατηγορεῖται,
1532 4597 1668 4666 μήτε

79 4683 218 4744 ὅλας
245 4683 343 4745 τὰς
378 4684 731 4748 ὑποστάσεις,
762 4685 880 4736 ὅσαι
910 4684 977 4737 ἂν
1012 4685 1102 4737 ὑπ’
1137 4685 1307 4755 αὑτὴν
1335 4681 1464 4745 εἶεν.
1496 4682 1606 4739 οἷον
1635 4689 1667 4755 ἠ

83 4774 308 4844 Θεότης,
340 4776 508 4844 ἡγουν
537 4778 562 4828 ό
589 4775 720 4839 Θεὸς
781 4778 880 4829 οὐκ
917 4777 1035 4829 ἔστι
1071 4778 1258 4848 Πατήρ
1279 4795 1293 4810 ’
1321 4781 1367 4830 εί
1399 4781 1506 4850 γάρ
1554 4783 1671 4833 ὲστι

87 4866 306 4935 Πατὴρ,
357 4867 576 4930 πάντως
606 4868 705 4920 οὑκ
737 4862 805 4938 ἦν
849 4867 879 4919 6
903 4867 1028 4931 Υἱὸς
1068 4867 1220 4930 Θεός.
1267 4869 1341 4922 Οὐ
1383 4871 1489 4940 γὰρ
1524 4873 1670 4925 ἀντι-

1773 4507 1911 4572 Quia
1942 4523 2074 4561 vero
2107 4509 2412 4564 orthodoxa
2444 4513 2698 4566 doctrina
2729 4516 2882 4580 dicit,
2908 4533 3015 4570 non
3044 4533 3164 4572 csse
3190 4531 3351 4571 natu-

1771 4613 1888 4650 ram
1924 4599 2264 4669 hypostasim
2293 4643 2306 4665 ,
2340 4619 2500 4656 unam
2531 4620 2720 4658 eorum
2749 4649 2761 4671 ,
2823 4608 2889 4660 de
2919 4609 3118 4676 quibus
3154 4612 3351 4679 pracdi-

1774 4702 1957 4757 catur,
1997 4709 2173 4761 neque
2204 4697 2491 4750 universas
2523 4698 2876 4768 bypostascs,
2914 4717 3036 4769 qum
3085 4707 3187 4756 sub
3231 4708 3351 4773 ipsa

1773 4795 1925 4850 sunt,
1965 4796 2021 4839 ut
2052 4788 2253 4854 Deitas,
2288 4791 2459 4854 idest,
2485 4792 2626 4848 Deus
2680 4811 2785 4847 non
2817 4806 2900 4849 cst
2938 4796 3179 4858 νέηαι-,εἰ
3207 4801 3351 4853 cnim

1778 4877 1922 4932 Deus
1954 4887 2035 4932 est
2069 4878 2249 4945 Pater,
2277 4884 2527 4951 profecto
2559 4903 2664 4940 non
2700 4889 2804 4941 erit
2838 4887 3009 4944 Filius
3047 4889 3188 4946 Deus
3217 4892 3350 4959 (3‘2).

1359 5048 1596 5102 VARUE
1642 5049 2050 5107 LECTIONES.

169 5139 210 5172 “
247 5139 306 5194 In
341 5141 726 5210 suppositione
760 5141 1024 5211 simplici,
1055 5150 1115 5194 ut
1147 5153 1338 5197 vocant
1387 5144 1574 5212 logici.

1657 5147 1700 5176 η
1749 5150 1872 5200 κατ’
1924 5149 2123 5211 εἴδους.

2204 5151 2247 5181 ⁸³
2282 5152 2362 5205 τό.

1635 5255 1861 5314 ΝΟΤΔΕ.

173 5343 287 5413 (3|)
330 5343 428 5397 Est
457 5343 648 5412 dispar
691 5353 856 5408 ratio,
895 5347 1023 5416 quia
1075 5346 1129 5400 iu
1195 5347 1401 5400 divinis
1447 5356 1532 5401 cst
1565 5364 1675 5403 una

94 5428 337 5469 numero
378 5421 575 5467 natura
618 5415 670 5467 in
731 5415 921 5487 tribus
943 5417 1216 5485 personis.
1262 5417 1334 5486 Vln
1388 5422 1675 5487 proposito

96 5493 285 5538 autem
317 5493 446 5538 sunt
469 5493 582 5538 tres
612 5501 844 5542 numero
872 5486 1150 5542 distinctae
1179 5497 1390 5542 natura:
1424 5486 1676 5544 humana:

98 5557 160 5610 in
187 5553 363 5607 tribus
391 5555 661 5622 personis.

179 5625 290 5704 (-32)
331 5626 460 5690 Qua:
494 5629 610 5704 hoc
651 5628 770 5704 limo
801 5625 1128 5704 Theodorus
1160 5629 1424 5704 disputat,
1472 5632 1675 5704 ἀρίστῃ

100 5697 326 5771 γνώμῃ,
370 5697 595 5751 candido
644 5702 842 5768 animo,
892 5697 1261 5770 interpretari
1302 5702 1481 5757 decet.
1511 5697 1670 5758 ’Ναιὴ

1789 5351 1970 5430 Deitas
1995 5361 2108 5430 tota
2143 5365 2227 5430 est
2263 5356 2314 5408 in
2344 5355 2535 5420 Patre;
2565 5371 2614 5411 et
2645 5359 2722 5412 sic.
2751 5361 3029 5430 perfectus
3061 5362 3205 5418 Deus
3235 5375 3358 5422 est:

1785 5425 2045 5500 sed_q_uia
2083 5425 2149 5500 in»
2176 5427 2269 5500 illo
2304 5441 2413 5480 non
2464 5440 2569 5493 est,
2609 5425 2868 5497 letaliter,
2902 5436 3003 5488 hoc
3036 5447 3119 5488 cst
3169 5437 3264 5500 ita,
3303 5447 3363 5490 ut

1785 5495 1838 5568 in
1864 5492 2003 5547 Fili'o
2023 5503 2078 5568 et
2119 5496 2326 5565 Spiritu
2365 5492 2562 5552 sancto
2596 5517 2700 5552 nun
2735 5492 2997 5568 ειιςιιιοο
3023 5505 3158 5558 dicit
3185 5492 3356 5562 Theo-

1784 5566 1976 5638 dorus,
2026 5563 2244 5638 Patrem
2295 5585 2402 5622 non
2461 5585 2582 5623 esse
2636 5570 2802 5626 Deum
2828 5563 3069 5638 πάντως,
3121 5575 3220 5630 hoc
3255 5590 3360 5637 cst.

1783 5634 1999 5699 ὑλικῶς,
2038 5637 2299 5697 totulitcr.
2339 5645 2455 5694 sive
2486 5641 2679 5702 solum,
2707 5659 2833 5697 cum
2884 5634 3205 5702 exclusione
3239 5634 3360 5704 Filii

1785 5714 1838 5761 ct
1873 5707 2115 5776 Spiritus
2150 5712 2350 5766 sancti.
2379 5709 2444 5764 Ει
2474 5713 2619 5782 quod
2657 5718 2722 5771 de
2747 5714 2912 5773 l‘alrc
2941 5716 3192 5780 aliirutat,
3221 5721 3362 5777 idcnt
