4086 6454
143 343 268 410 M81

1515 334 1923 395 OPUSCULA.

3243 327 3374 391 N32

142 466 290 520 ματι,
337 449 478 502 ὥστε
537 442 676 501 εἶναι
726 447 795 499 τὰ
841 446 964 506 δύο,
1020 445 1115 498 δύο
1167 444 1486 512 πράγματα.
1541 443 1736 502 Τίνος,

1837 455 1918 506 asa
1948 437 2128 491 Deitas
2159 445 2211 490 et
2250 434 2356 490 ille
2383 435 2707 504 hypostases
2767 442 3001 504 quatuor
3032 449 3136 499 res,
3175 445 3231 489 ut
3265 437 3373 488 hae-

138 543 365 598 ῑνεκεν;
419 538 638 607 Ἐπειδὴ
664 539 757 589 τὸν
785 536 996 588 Παῦλον
1029 535 1090 586 τὸ
1127 534 1258 586 ῐδιον
1289 533 1447 600 σῶμα
1487 532 1702 584 τελειοῖ.

1812 530 1970 583 retici
2011 529 2304 581 somniant.
2381 556 2393 579 ι

142 632 262 683 Τῶν
303 629 655 682 ὑποστάσεων
690 626 828 697 ('55),
880 625 1001 677 καθ’
1053 618 1128 677 ὧν
1185 627 1603 693 κατηγορεῖται,
1649 620 1710 672 οὐ
1749 618 2170 688 συναριθμεῖται
2199 622 2319 680 ταῖς
2355 619 2531 685 τρισὶν
2558 619 2945 678 ὑποστάσεσιν,
3015 617 3154 668 ὥστε
3237 615 3376 672 εἶναι

141 721 311 790 αὐτὴν
342 720 599 781 κάκείνας
636 719 877 786 τέσσαρα
908 717 1231 784 πράγματα,
1257 715 1332 773 ὡς
1355 712 1765 784 ὀνειρώττοντες
1798 728 1961 780 φασιν
1987 713 2036 763 οί
2076 711 2463 780 αίρετίζοντες.

215 812 326 864 Καὶ
354 811 482 862 ἄλλο
497 810 552 861 δὲ
575 807 992 879 προ[σ]φέρουσι
1022 806 1163 859 κατὰ
1189 806 1290 875 τῆς
1322 805 1627 876 ὀρθοδοξίας
1661 806 1709 856 ot

143 901 414 972 αῖρετικοὶ
475 899 768 969 πρόϐλημα
825 896 1038 952 τοιοῦτο
1074 897 1348 963 λέγοντεςο
1406 896 1509 947 Τδν
1542 896 1709 946 ἀΐδιον

143 991 272 1042 Υίόν
302 1007 439 1058 φατε
465 991 700 1059 πρᾶγμα
726 983 889 1048 εἶναι,
910 987 942 1056 ἣ
961 985 1020 1038 οὔ
1047 1003 1060 1049 ;
1082 987 1213 1037 Εἶτα
1237 985 1502 1052 λεγόντων
1529 987 1560 1052 η
1570 984 1708 1052 μῶν,

144 1082 304 1135 αὐτὸν
352 1077 493 1133 εἶναι
516 1082 770 1150 πρᾶγμα,
805 1078 1155 1148 ἐπερωτῶσιν
1183 1077 1365 1139 αὖθις·
1393 1077 1499 1128 Καὶ
1529 1075 1587 1128 τὸ
1614 1075 1708 1128 τοῦ

146 1173 316 1224 diﬁcit
372 1171 502 1224 Υίοῦ
553 1171 713 1239 σῶμα
746 1170 808 1222 τὸ
861 1168 1101 1238 ἔμψυχόν
1149 1185 1209 1219 τε
1261 1171 1354 1219 καὶ
1397 1168 1601 1237 νοερὸν,
1651 1167 1712 1219 οὺ

147 1264 381 1331 πρᾶγμα
409 1259 547 1313 εἶναι
571 1261 792 1328 λέγετε;
825 1258 1379 1327 Συγκατατιθεμένων
1438 1254 1528 1310 οὖν
1559 1257 1714 1327 ἡμῶν

147 1351 284 1406 εἶναι
313 1354 408 1406 καὶ
433 1352 564 1404 αὐτὸ
593 1354 846 1420 πρᾶγμα.
871 1350 1071 1411 εὐθέως
1108 1351 1570 1419 συμπεραίνουσιν
1596 1348 1713 1400 καθ’

150 1443 309 1509 ἡμῶν
333 1480 347 1505 ,
390 1442 534 1510 Ι’Δρα
569 1441 958 1508 συναριθμεῖτε
1008 1439 1099 1490 τὸν
1134 1438 1304 1490 ἀΐδιον
1346 1439 1471 1489 Υίὸν
1501 1437 1579 1505 τῷ
1606 1437 1718 1504 ἰδίῳ

151 1531 401 1600 σώματι,
431 1531 705 1598 λέγοντες,
736 1532 887 1592 ὅπως
915 1531 1061 1599 ημᾶς
1093 1528 1457 1599 ἑκατέρωθεν,
1505 1530 1580 1591 ὡς
1612 1523 1724 1579 οἷόν

148 1640 230 1685 τε,
294 1624 557 1692 δήσαντες
613 1623 869 1692 ἀράχναις
935 1626 1141 1692 ίμᾶσιν,
1210 1623 1329 1690 ἦτοι
1388 1621 1599 1691 βάλοιεν
1647 1623 1726 1682 εἰς

151 1716 502 1785 βλασφημίας
532 1716 812 1786 ἀτόπημα,
847 1717 880 1786 ἦ
912 1718 993 1778 είς
1028 1716 1087 1768 τὸ
1131 1715 1261 1767 [διον
1319 1713 1725 1781 ὲφελκὺσωνται

1888 803 2068 857 Aliam
2125 813 2388 872 praterea
2448 803 2807 873 quastionem
2890 802 3131 855 haeretici
3183 810 3377 856 contra

1815 894 2176 948 orthodoxam
2214 895 2495 948 veritatem
2529 895 2834 962 proferunt.
2872 893 2961 946 Sic
2993 894 3137 948 enim
3175 895 3328 945 aiunt
3362 909 3377 947 :

1816 984 2080 1039 Dicitisne
2107 993 2369 1038 aeternum
2392 985 2587 1037 Filium
2613 1001 2737 1040 esse
2755 1000 2890 1046 rem,
2914 1000 2980 1036 an
3007 986 3156 1037 non?
3181 985 3384 1038 Deinde

1815 1089 1937 1128 cum
1998 1073 2393 1143 respondemus
2431 1089 2544 1127 rem
2577 1090 2720 1137 esse,
2771 1090 2961 1128 rursus
2995 1075 3334 1144 interrogant
3365 1093 3378 1129 :

1814 1163 2034 1232 Corpus
2070 1166 2261 1219 aaterni
2323 1165 2452 1218 Filii
2518 1167 2820 1218 animatum
2850 1176 2901 1218 et
2931 1165 3275 1233 intelligens,
3313 1179 3379 1216 an

1817 1272 1926 1310 non
1961 1257 2144 1311 dicitis
2171 1272 2295 1311 esse
2322 1249 2476 1312 rem?
2504 1258 2637 1311 Cum
2664 1257 3066 1326 respondemus
3095 1272 3237 1320 esse,
3266 1266 3385 1309 sta.

1817 1348 1913 1399 tim
1949 1356 2142 1401 contra
2178 1364 2278 1402 nos
2307 1350 2639 1402 concludunt
2665 1349 2862 1418 :lgitur
2892 1351 3195 1403 numeratis
3227 1359 3386 1402 ceter-

1816 1453 1942 1490 num
1977 1437 2169 1491 Filium
2206 1454 2330 1492 cum
2358 1441 2580 1507 proprio
2624 1455 2877 1508 corpore.
2935 1440 3045 1493 Hoc
3077 1440 3268 1492 dicunt
3325 1450 3385 1494 ut

1827 1540 1926 1578 nos
1961 1527 2239 1596 utrinque,
2262 1529 2443 1596 quoad
2477 1529 2591 1581 ﬁeri
2618 1537 2818 1596 potest,
2854 1530 3030 1583 hamis
3057 1545 3382 1583 aranearum

1826 1625 2017 1683 captos
2051 1616 2102 1668 in
2136 1620 2429 1670 absurdam
2479 1618 2876 1686 blasphemiam
2924 1619 3274 1687 compellant,
3297 1628 3389 1673 aut

1824 1703 1879 1754 in
1913 1705 2192 1772 propriam
2226 1707 2558 1759 sententiam
2599 1707 2842 1759 trahant.
2869 1708 2923 1759 Si
2954 1709 3097 1760 enim
3137 1709 3387 1761 dicamus

154 1810 428 1877 φρόνημαι
473 1808 533 1859 Εί
563 1808 671 1877 γὰρ
722 1806 815 1858 δύο
856 1807 1179 1876 πράγματα,
1215 1806 1305 1858 τὸν
1351 1805 1519 1858 ἀΐδιον
1575 1805 1723 1866 Υίδν,

1837 1792 1964 1848 duas
2000 1810 2088 1848 res
2110 1811 2231 1850 esse
2257 1796 2453 1848 Filium
2484 1804 2768 1860 internum,
2801 1806 2854 1852 et
2889 1813 3089 1866 carpus
3121 1799 3239 1865 ejus
3268 1788 3391 1852 ani-

145 1899 249 1948 καὶ
299 1900 358 1949 τὺ
394 1897 636 1968 ἔμψυχον
670 1897 835 1950 αὺτοῦ
867 1897 958 1949 καὶ
987 1895 1173 1965 νοερὸν
1226 1895 1394 1948 αὑτοῦ
1430 1894 1589 1966 σῶμά
1619 1912 1725 1964 φα-

156 2005 277 2056 μεν,
308 1990 503 2042 αὐτίκα
530 1989 951 2060 κατακρινοῦσιν
995 1989 1141 2058 ἡμᾶς
1176 1988 1249 2050 ὡς
1274 1987 1554 2058 τεσσάρων
1583 2003 1728 2055 πρα-

155 2083 383 2152 γμάτιον
410 2083 695 2154 ἐφίδρυσιν
723 2085 781 2134 ὲν
814 2061 890 2150 τῷ
918 2084 1014 2150 τῆς
1039 2081 1190 2142 θείας
1220 2079 1410 2150 ὑψηλῴ
1454 2080 1627 2151 θρόνῳ
1650 2096 1730 2131 τι-

143 2173 370 2238 ⁸θέντας,
422 2174 558 2243 ὅπερ
588 2175 707 2227 ἐστὶ
752 2173 851 2242 τῆς
904 2171 1134 2241 Τριάδος
1168 2172 1416 2241 ἄρνησις.
1467 2170 1529 2222 Εί
1559 2170 1614 2222 δὲ
1639 2170 1731 2223 τὸν

157 2264 306 2328 Υίὸν,
326 2264 421 2317 καὶ
447 2265 507 2316 τὸ
535 2265 662 2316 ῐδιον
689 2262 853 2318 αὑτοῦ
874 2263 1032 2331 σῶμα
1065 2261 1138 2332 μὴ
1157 2257 1295 2314 εἶναι
1321 2261 1414 2314 δύο
1435 2262 1733 2330 πράγματα

157 2354 432 2424 λέγοιμεν,
463 2354 927 2424 ἀνθυποφέρουσιν
950 2355 1080 2423 ἡμῖν
1103 2354 1425 2421 φάσκοντες*
1451 2351 1542 2421 Μὴ
1565 2351 1734 2404 ὄντων

156 2444 362 2497 τούτων
391 2445 484 2496 δύο
507 2428 870 2514 πραγμάτων,
905 2443 1025 2505 πῶς.
1061 2443 1218 2512 ὑμεῖς
1243 2443 1333 2494 τὸν
1379 2440 1614 2510 Χριστὸν
1644 2439 1734 2492 λέ-

159 2553 284 2603 γετε
314 2536 406 2588 δύο
439 2537 662 2605 φύσεις;
699 2531 794 2598 Οἷς
826 2536 1077 2605 ἐροῦμεν,
1113 2535 1188 2597 ὡς
1223 2535 1415 2602 Ἡμεῖς
1449 2532 1538 2584 τὸν
1569 2532 1736 2585 ἀΐδιον

158 2627 289 2682 Ύίὸν
316 2629 378 2680 οὑ
409 2625 848 2697 συναριθμοῦμεν
876 2626 953 2694 τῷ
978 2627 1091 2695 ίδίῳ
1129 2625 1362 2693 σώματι,
1389 2623 1531 2676 ὥστε
1559 2623 1738 2690 λέγειν

163 2721 351 2773 ἐκεῖνα
397 2718 490 2771 δύο
542 2719 864 2789 πράγματα.
917 2717 1105 2784 ἐπειδὴ
1158 2713 1339 2768 τὸ-τοῦ
1389 2713 1561 2768 ἀϊδίου
1606 2713 1739 2766 Υίοῦ

152 2811 327 2880 ’σῶμα
359 2810 722 2862 ὑποστατικὸν
744 2807 928 2870 αὐτοῦ,
989 2806 1328 2875 καθέστηκεν
1380 2805 1584 2875 τρόπον
1617 2804 1740 2856 τινὰ

161 2900 406 2954 τελειοῦν
458 2899 639 2962 αὐτὸν,
696 2896 880 2961 καθώς
937 2898 1085 2949 ἐστιν
1129 2894 1432 2965 ἄνθρωπος.
1473 2894 1655 2947 ’Λπαν
1685 2894 1742 2945 δὲ

167 2985 401 3062 πρᾶγμα
424 2988 662 3042 τελειοῦν
691 2987 876 3058 ἓτερον
912 2988 1163 3054 πρᾶγμα,
1193 2985 1226 3055 ἢ
1261 2984 1337 3047 ὡς
1376 2985 1552 3052 γένος,
1587 2983 1619 3051 ἢ
1668 2983 1742 3045 ὠς

152 3081 422 3152 ¹διαφορὰ,
458 3079 603 3151 ἢὼς
656 3077 853 3147 φύσις,
903 3078 1069 3146 ἥγουν
1109 3075 1299 3139 οὐσία,
1332 3075 1365 3144 ἦ
1397 3075 1473 3138 ὡς
1507 3075 1566 3128 δν
1613 3076 1743 3127 ὐποο

1829 1893 2137 1951 matum,et
2163 1895 2343 1941 mente
2403 1889 2710 1956 praeditum,
2769 1891 3040 1944 continuo
3063 1891 3392 1944 condemna-

1827 1975 1962 2029 buut
1992 1991 2110 2040 nos,
2160 1984 2421 2047 tanquam
2457 1978 2548 2047 qui
2579 1987 2812 2047 quatuor
2855 1995 2940 2032 res
2974 1980 3027 2032 in
3057 1981 3171 2032 alto
3198 1981 3392 2035 throno

1829 2065 2140 2122 Divinitatis
2165 2068 2476 2133 fundemus,
2512 2070 2657 2138 quod
2685 2081 2767 2124 est
2801 2086 3002 2139 negare
3041 2071 3390 2127 Trinitatem.

1832 2154 1929 2212 Sin
2001 2169 2182 2214 autem
2236 2158 2460 2224 Filium,
2491 2169 2543 2215 et
2567 2169 2769 2231 Corpus
2828 2165 2948 2230 ejus
2974 2165 3256 2234 proprium
3285 2181 3394 2219 non

1831 2249 2079 2304 dicamus
2113 2253 2250 2308 duas
2313 2268 2401 2308 res
2428 2269 2572 2321 esse,
2608 2266 2909 2309 occurrunt
2969 2257 3166 2310 nobis:
3198 2255 3252 2311 Si
3287 2273 3395 2312 non

1833 2348 1963 2395 sunt
1992 2341 2113 2396 dua:
2143 2359 2253 2409 res,
2287 2347 2585 2414 quomodo,
2635 2346 2915 2414 inquiunt,
2969 2363 3066 2402 vos
3117 2347 3395 2402 Christum

1832 2431 1972 2488 duas
2027 2443 2253 2490 naturas
2310 2437 2772 2504 dicitis?Quibns
2825 2441 3265 2509 respondendum
3316 2454 3400 2497 est

1835 2539 1935 2576 nos
1979 2523 2169 2578 Filium
2219 2535 2481 2581 arternum
2537 2546 2644 2582 non
2683 2546 2973 2584 numerare
3006 2548 3128 2584 cum
3176 2533 3400 2600 prOprio

1836 2628 2086 2682 corpore,
2121 2626 2182 2670 ut
2227 2617 2477 2674 dicamus
2533 2634 2655 2674 esse
2697 2622 2832 2676 duas
2858 2637 2966 2688 res,
3027 2625 3155 2691 quia
3200 2639 3400 2692 corpus

1839 2705 2240 2775 hypostaticum
2266 2710 2376 2780 (54)
2393 2711 2582 2765 aeterni
2608 2712 2729 2765 Filii
2760 2713 2994 2781 quodam
3014 2715 3173 2767 modo
3189 2719 3404 2784 perﬁcit

1838 2795 2039 2865 ipsum,
2071 2806 2342 2866 quatenus
2366 2810 2450 2853 est
2480 2803 2662 2855 homo.
2689 2800 2880 2858 Omnis
2911 2813 3093 2858 autem
3145 2822 3233 2861 rcs
3268 2823 3393 2876 quae

1839 2889 2068 2941 alterum
2105 2890 2339 2958 perlicit,
2374 2900 2468 2944 aut
2498 2900 2755 2962 tanquam
2784 2910 2977 2964 genus,
3011 2908 3104 2949 aut
3137 2907 3396 2967 tanquam

1836 2977 2163 3044 diderentia,
2184 2987 2277 3034 aut
2298 2990 2556 3050 tanquam
2591 2992 2807 3047 natura,
2835 2985 3138 3040 substantia
3168 2989 3405 3054 scilicet,

1842 3078 1934 3123 aut
1961 3079 2218 3140 tanquam
2251 3072 2678 3142 hypostaticum,
2711 3076 2844 3130 illud
2877 3078 3086 3145 perlicit
3110 3079 3270 3147 cujus
3301 3090 3404 3135 cst.

167 3172 421 3226 στατικὸν
472 3169 732 3240 τελειοῦν,
793 3169 888 3221 καὶ
945 3167 1238 3234 ὑφιστάνον
1295 3165 1506 3217 ἐκείνου
1571 3165 1736 3218 ἐστίν.

1841 3159 2052 3234 Corpus
2110 3163 2275 3232 igitur
2334 3165 2528 3219 aeterni
2577 3165 2697 3220 Filii
2736 3184 2856 3221 cum
2885 3171 2955 3224 sit
3006 3171 3405 3241 hypostaticutn

179 3262 571 3319 ’Υποστατικδν
595 3252 956 3330 οὖνῖὒπάρχον
989 3250 1050 3311 τὸ
1074 3258 1167 3311 τοῦ
1197 3257 1366 3309 ἀϊδίου
1398 3255 1529 3308 Υίοῦ
1562 3256 1745 3332 σῶμα,

156 3357 221 3410 εἰ
254 3355 348 3409 καὶ
378 3354 453 3424 μὴ
477 3352 718 3407 τελειοῦν
745 3351 908 3404 αὑτὸν
930 3349 1317 3417 ἀπλῶς,ῆγουν
1343 3347 1568 3415 κυρίως,
1589 3333 1746 3412 λέγεέ

164 3462 282 3510 ται,
309 3443 558 3512 οὐδαμῶς
584 3441 734 3512 αὑτῷ
763 3440 1183 3512 συναριθμεῖται
1216 3436 1584 3489 παντάπασιν.
1605 3435 1743 3486 Ἀλλ’

168 3538 273 3590 οὐκ
305 3534 552 3589 ἐντεῦθεν
585 3533 900 3605 ἀναιρετέον
929 3534 985 3584 έν
1006 3531 1084 3599 τῷ
1115 3528 1334 3600 Χριστῷ
1359 3526 1610 3594 λέγεσθαι
1652 3526 1744 3578 δύο

171 3628 387 3697 φύσεις.
433 3627 623 3696 Ἡμεῖς
653 3625 763 3694 γὰρ
791 3626 839 3677 οί
869 3621 1160 3694 ὀρθόδοξοι,
1191 3621 1252 3673 οὑ
1286 3621 1375 3672 τὸν
1410 3619 1577 3672 άῒδιον
1618 3618 1745 3669 Υἱὸν

163 3722 253 3794 τῷ
278 3719 470 3776 ἑαυτοῦ
499 3717 957 3790 συναριθμοῦντες
978 3715 1321 3781 ὑποστατικῴ
1363 3712 1595 3782 σώματι,
1656 3712 1746 3764 δύο

174 3813 365 3881 φύσεις
392 3811 590 3881 φαμὲν,
614 3809 747 3863 ἀλλά
768 3809 864 3878 τὴν
887 3806 1114 3876 θεότητά
1143 3822 1201 3856 τε
1239 3806 1330 3856 καὶ
1356 3803 1747 3872 ἀνθρωπότητα

167 3905 268 3958 δύο
300 3906 490 3973 φύσεις
509 3899 870 3972 ἀριθμοῦμεν.
891 3899 1043 3968 Τάχα
1076 3897 1132 3951 δέ
1157 3914 1237 3959 τις
1268 3896 1418 3948 ἔνθεν
1447 3894 1746 3963 ἐπισκέψας

177 3999 422 4067 φήσειενο
451 3987 602 4066 Ἀρα
631 3989 724 4048 οὖν
756 3994 849 4046 καὶ
883 3994 915 4062 ἡ
942 3989 1036 4044 τοῦ
1091 3989 1358 4042 Δεσπότου
1390 3987 1747 4057 ἀνθρωπότης

176 4089 278 4144 οὐκ
311 4089 443 4142 αὐτὸ
476 4089 719 4157 πέφυκεν
751 4085 810 4138 τὸ
838 4085 966 4137 [διον
1000 4079 1165 4135 αὑτοῦ
1218 4079 1377 4149 σῶμα
1403 4079 1466 4131 τὸ
1503 4078 1746 4147 ἔμψυχόν

162 4198 240 4238 τε
293 4183 390 4234 καὶ
436 4179 653 4249 νοερόν;
698 4176 834 4246 πρὸς
893 4175 952 4227 ὃν
1006 4173 1395 4243 ἀντιφήσωμεν
1454 4173 1554 4222 οὐκ
1585 4167 1743 4223 εἶναι.

192 4272 406 4342 Ἐπειδὴ
434 4273 466 4342 ή
502 4270 598 4324 τοῦ
640 4267 874 4337 Χριστοῦ
920 4265 1273 4335 ἀνθρωπότης
1296 4303 1310 4326 ,
1344 4262 1562 4314 πάντων
1589 4261 1747 4328 ἡμῶν

177 4366 287 4417 τῶν
343 4360 645 4433 ἀνθρώπιον
693 4359 1028 4426 καθέστηκεν
1051 4373 1065 4388 ο
1101 4357 1161 4408 τὸ
1207 4355 1262 4407 δὲ
1295 4353 1534 4423 ἔμψυχον
1561 4352 1746 4417 αὑτοῦ,

169 4457 277 4510 καὶ
301 4455 482 4523 νοερὸν
504 4454 680 4520 σῶμα,
708 4450 870 4504 αὑτοῦ
903 4448 1064 4518 μόνου
1083 4445 1446 4518 διαφερόντως
1474 4445 1639 4497 ἐστίν.

1843 3254 2093 3321 quamvis
2122 3271 2229 3309 non
2272 3258 2619 3327 simpliciter,
2654 3261 2706 3313 id
2733 3272 2834 3327 est,
2897 3267 3114 3332 proprie
3147 3265 3410 3334 perﬁcere

1846 3342 1993 3396 illum
2030 3344 2250 3410 dicitur,
2285 3363 2395 3401 non
2437 3357 2617 3404 tamen
2651 3367 2773 3405 cum
2808 3368 2872 3406 eo
2899 3369 3099 3424 corpus
3147 3372 3409 3409 numera-

1840 3442 1951 3488 tur.
1989 3433 2093 3489 Sed
2158 3453 2264 3491 non
2309 3450 2596 3509 propterea
2663 3458 2770 3497 non
2801 3453 2886 3497 est
2916 3446 3207 3500 dicendum
3274 3451 3411 3506 duas

1847 3535 2069 3584 naturas
2098 3540 2220 3579 esse
2245 3527 2298 3580 in
2325 3528 2561 3584 Christo.
2591 3530 2699 3586 Nos
2746 3535 2890 3587 enim
2921 3535 3235 3599 orthodoxi,
3300 3554 3410 3592 non

1845 3623 2104 3668 aeternum
2134 3613 2330 3668 Filium
2365 3629 2715 3675 numerantes
2747 3637 2870 3682 cum
2891 3638 3126 3690 corpore
3155 3625 3276 3691 ejus
3310 3625 3410 3695 hy~

1846 3708 2138 3773 postatico;
2174 3708 2311 3762 duas
2344 3721 2572 3764 naturas
2607 3727 2728 3766 esse
2778 3714 3050 3779 dicimus;
3090 3717 3181 3770 sed
3209 3715 3412 3772 divini-

1846 3805 2010 3851 tatem
2030 3808 2082 3851 et
2119 3800 2508 3855 humanitatem
2533 3803 2697 3872 358
2726 3804 2859 3859 duas
2890 3815 3118 3862 naturas
3155 3824 3414 3863 numera—

1847 3902 1991 3942 mus.
2037 3886 2314 3944 Fortassis
2374 3890 2570 3960 aliquis
2603 3894 2730 3947 hinc
2760 3895 3051 3951 occasione
3080 3900 3409 3954 occurrendi

1848 3991 2086 4050 arrepta,
2122 3981 2389 4036 dicitzAn
2423 3983 2627 4039 Christi
2664 3986 2974 4042 humanitas
3007 4005 3111 4044 non
3136 4003 3217 4046 est
3241 3993 3415 4059 ipsius

1848 4075 2100 4128 naturale
2128 4089 2327 4144 corpus
2372 4078 2671 4132 animatum
2720 4091 2773 4132 et
2823 4081 3179 4149 intelligentia
3216 4086 3414 4152 przedi-

1849 4166 2001 4219 tum?
2024 4165 2128 4220 Cui
2166 4167 2618 4237 respondebimus
2651 4186 2759 4224 non
2803 4187 2945 4226 esse.
3007 4174 3282 4244 Siquidem
3314 4180 3415 4233 hu-

1849 4260 2085 4314 manitas
2140 4259 2346 4315 Christi
2400 4263 2643 4316 omnium
2710 4275 2980 4327 nostrum,
3037 4271 3129 4336 qui
3165 4270 3414 4328 homines

1851 4363 2063 4411 sumus,
2091 4357 2208 4414 est;
2237 4365 2436 4418 corpus
2470 4368 2599 4405 vero
2626 4353 2746 4420 ejus
2775 4355 3075 4412 animatum
3123 4369 3176 4413 et
3209 4361 3413 4416 intelliv

1850 4452 2006 4506 gens,
2049 4437 2222 4506 ipsius
2248 4441 2423 4494 solius
2447 4443 2716 4510 praacipuc
2742 4453 2850 4497 est.

341 4506 405 4596 δέ
423 4560 507 4606 τις
537 4506 863 4612 πρδςγταῦτα
898 4506 1343 4608 διαμάχοιτο,ἐίς
1371 4506 1436 4588 τδῖ
1469 4536 1613 4588 δυοῖν
1654 4534 1736 4588 θάε

1924 4526 1981 4582 Si
2030 4531 2154 4599 quis
2207 4545 2339 4585 vero
2372 4540 2565 4586 contra
2602 4534 2715 4587 haec
2749 4545 2978 4603 pugnet,
3009 4536 3061 4588 in
3091 4537 3318 4593 alterum
3349 4557 3414 4598 ex

173 4653 316 4707 τερα
378 4634 557 4705 μέλλει
595 4632 822 4686 ἀτοπίαν
889 4632 1220 4697 ὑποπεσεῖν-⁸
1247 4628 1365 4696 ἦτοι
1417 4625 1524 4695 γὰρ
1574 4626 1746 4678 είπεῖν

178 4727 680 4797 ἀναγκασθήσεται,
709 4725 810 4792 τὴν
835 4723 928 4775 τοῦ
959 4720 1194 4791 Χριστοῦ
1228 4716 1618 4787 ἀνθρωπότητα
1674 4717 1747 4788 μὴ

181 4817 325 4876 εἶναι
375 4819 485 4871 τῶν
527 4816 744 4868 πάντων
788 4811 943 4881 ἡμῶν
997 4809 1419 4878 ἀνθρωπότητα·
1458 4806 1750 4860 κάντεῦθεν

184 4909 392 4971 πολλάς
425 4907 736 4971 ἐπεισάγειν
779 4899 1221 4969 ἀνθρωπότητας,
1279 4899 1312 4968 ἢ
1357 4897 1418 4949 τὸ
1453 4897 1581 4950 ίδίου
1615 4895 1746 4950 Υίοῦ

186 5001 372 5072 σῶμα,
400 4999 580 5066 λέγειν
610 4995 838 5048 ἑκάστου
865 4991 1020 5062 ἡμῶν
1035 4989 1146 5043 τῶν
1167 4987 1465 5059 ἀνθρώπων
1487 4983 1624 5040 εἶναι
1649 4987 1752 5041 σῶ-

194 5110 292 5162 μμ.
311 5091 430 5144 Καὶ
457 5085 759 5156 τηνικαῦτα
791 5084 1011 5152 φαγέτω
1035 5083 1066 5134 ὁ
1084 5078 1322 5142 τοιοῦτος
1354 5081 1549 5148 ἐπίσης
1574 5080 1633 5131 τὸ
1659 5077 1750 5132 τοῦ

181 5179 428 5254 Χριστοῦ
468 5178 652 5249 σῶμα.
699 5172 1014 5245 καῖ’ληστοῦ
1043 5188 1188 5235 τινος
1230 5171 1324 5224 καὶ
1355 5170 1515 5228 ἀθέου
1571 5169 1750 5240 σῶμα.

1853 4618 2070 4674 duobus
2099 4621 2352 4676 absurdis
2373 4623 2576 4677 incidet
2601 4641 2614 4677 :
2639 4634 2733 4678 aut
2760 4635 2984 4695 cogetur
3011 4629 3196 4684 dicere
3229 4632 3419 4686 huma-

1856 4711 2079 4764 nitatem
2114 4711 2315 4766 Christi
2343 4715 2552 4768 scilicet
2590 4730 2696 4768 non
2748 4731 2872 4770 esse
2907 4731 3171 4783 nostram,
3205 4729 3258 4774 et
3291 4722 3420 4778 hinc

1856 4802 2058 4856 multas
2088 4802 2456 4860 huntanitates
2501 4805 2854 4861 introducere
2888 4807 2960 4875 (id
2992 4819 3072 4862 est
3098 4852 3110 4874 ,
3151 4816 3420 4885 naturas),

1855 4901 1949 4947 aut
2013 4909 2218 4963 corpus
2263 4897 2452 4950 aeterni
2512 4897 2656 4962 Filii,
2691 4899 3122 4970 uniuscujusque
3153 4915 3420 4971 nostrum,

1849 4987 1948 5056 qui
1982 5003 2172 5043 sumus
2207 4989 2476 5052 homines,
2514 5006 2715 5056 corpus
2763 5007 2904 5046 esse.
2941 4992 3004 5046 Et
3029 5003 3157 5049 tunc
3189 5000 3281 5066 qui
3344 5002 3426 5055 sic

1812 5145 1814 5147 γ
1858 5079 2045 5144 sentit,
2073 5081 2324 5136 comedat
2370 5096 2570 5152 corpus
2604 5082 2809 5137 Christi
2838 5099 2990 5152 aeque
3015 5096 3179 5156 atque
3224 5103 3425 5158 corpus

1860 5172 2097 5242 alicujus
2151 5174 2384 5231 latronis
2405 5185 2457 5228 et
2488 5175 2660 5250 impii.
2700 5176 2764 5229 Et
2799 5192 2994 5232 rursus
3022 5179 3068 5232 si
3095 5181 3219 5248 quis
3283 5182 3427 5236 dicet

1692 5391 1928 5452 NOTE.

240 5573 378 5649 ξίδδδ
412 5570 912 5649 Bﬂjsrteuseodes
939 5568 1032 5624 hic
1061 5575 1147 5649 est
1189 5565 1435 5621 mutilus.
1466 5563 1653 5649 itaque
1669 5575 1745 5649 Pes

189 5637 450 5704 versione
470 5643 760 5706 ‘l‘urriani,
816 5651 871 5696 et
903 5656 966 5693 ex
1014 5637 1203 5693 codice
1242 5650 1352 5706 quo
1396 5649 1547 5706 usus,
1592 5637 1753 5706 cujus

185 5716 384 5774 Greca
419 5715 586 5772 verba
620 5713 688 5767 ad
723 5704 894 5780 marg.
929 5723 1154 5783 suorum
1197 5704 1637 5761 adversariorum
1663 5704 1755 5757 ad-

515 5815 788 5877 Ρλτιιοι..
842 5808 958 5869 Gs.
1021 5803 1274 5867 XCVII.

1858 5531 2220 5639 Μυρτίω-ιρι.
2245 5567 2554 5639 τοιγαροῦν,
2577 5565 2661 5639 δη
2681 5567 2715 5624 ἡ
2735 5565 2927 5637 θεότης
2953 5568 3192 5639 ἑκάστην
3213 5572 3427 5634 reiecti.

1929 5633 2052 5715 (3t)_
2084 5633 2726 5715 corpushypostaticum
2746 5633 2904 5704 cum,
2935 5640 2987 5694 id
3015 5652 3120 5706 est,
3149 5633 3350 5714 corpus
3378 5633 3431 5707 tu

1860 5702 2146 5776 hypostasi
2176 5702 2301 5795 ﬁlii
2323 5702 2537 5762 a‘t'emi.

2917 5818 2988 5882 47
