4086 6454
117 335 263 402 N85

1516 340 1926 399 OPUSCL'LA.

3227 343 3356 406 i486

116 441 347 510 Σιυηροὶ
380 441 421 472 "
475 438 809 510 χρηματίσαι
851 440 1277 511 συνωσθείημεν,
1352 444 1480 513 μίαν
1541 444 1683 500 εἶναι

1808 457 1986 512 ιιειεεε,
2022 458 2184 516 atque
2217 449 2287 502 ita
2344 447 2624 504 Sereriani
2681 451 2786 504 dici
2828 451 3247 520 compellantur,
3284 456 3362 507 ui-

117 533 281 599 φύσιν
319 531 407 583 τὸν
437 531 668 601 Χριστὸν
714 532 999 599 λέγοντες,
1029 531 1088 583 ὃν
1125 533 1326 602 τρόπον
1361 535 1489 604 μίαν
1525 537 1688 590 αὑτόν

121 638 300 690 φαμεν
326 621 641 684 ὑπόστασιν,
673 623 808 692 ὅπερ
835 622 951 674 ἐστὶ
977 621 1338 692 ψυχολεθρίας
1361 625 1685 696 ἀνάμεστον.

123 712 181 762 Ei
203 711 258 762 δὲ
284 711 458 763 κοινὸν
506 714 736 781 πρᾶγμα
766 713 1187 784 προσειληφέναι
1217 716 1306 768 τὸν
1340 718 1465 771 Υίόν
1487 737 1686 788 φαμεν,

118 799 544 866 ἐπεμϐαίνουσιν
588 803 716 871 ἡμῖν
748 804 943 856 αὐτίκα
974 805 1300 873 φάσκοντεςο
1333 808 1456 871 Πῶς
1495 810 1523 860 ὁ
1565 810 1691 872 Υίὺς

120 891 418 960 σαρκοῦται
459 891 618 944 τοῦτο
653 895 1063 964 προσειληφώς;
1113 897 1221 949 τῶν
1271 899 1546 952 ἀδυνάτων
1583 901 1692 971 γάρ

116 982 271 1034 ἐστιν
299 981 589 1052 ἀσώματόν
628 1003 678 1037 τι
720 988 1119 1055 σωματωθῆναι
1168 990 1366 1042 ἑνωθὲν
1396 992 1688 1060 ἀσωμάτῳ.

121 1070 268 1138 Πρὸς
296 1070 387 1134 οὓς
412 1074 807 1142 ἀπαντήσωμεν
825 1091 838 1105 ο
877 1076 951 1126 υὺ
991 1079 1305 1144 νενοήκατε,
1340 1079 1586 1145 λέγοντες
1606 1121 1620 1142 ,
1649 1075 1694 1134 ὦ

119 1153 292 1224 οὗτοι,
319 1163 408 1215 τὸν
437 1164 544 1216 τῶν
571 1165 874 1232 φιλοσόφων
897 1167 1098 1219 σκοπὸν
1121 1170 1442 1238 είρηκότων,
1470 1173 1694 1240 ἀσώμα-

121 1269 216 1304 τον
240 1251 378 1306 εἶναι
408 1255 468 1306 τὸ
489 1256 684 1308 κοινόν.
731 1258 955 1310 Ἐκεῖνοι
983 1259 1091 1328 γὰρ
1129 1259 1378 1325 λέγοντες
1407 1261 1695 1329 ἀσώματον

122 1339 263 1395 εἶναι
291 1347 398 1396 πᾶν
425 1345 600 1412 γένος,
626 1347 720 1398 καὶ
745 1343 904 1409 εἶδος.
933 1349 1025 1400 καὶ
1058 1349 1188 1401 αὑτὸ
1215 1350 1273 1402 τὸ
1315 1351 1494 1418 σῶμα,
1530 1352 1588 1403 τὸ
1633 1355 1696 1404 ὲκ

121 1436 222 1503 τῆς
250 1435 437 1496 οὑσίας
470 1436 566 1504 τῆς
598 1438 879 1501 ἀνωτάτω,
921 1440 1043 1506 ἦτις
1089 1439 1307 1506 λέγεται
1337 1443 1697 1507 γενικώτατον

124 1526 283 1591 γένος
314 1525 709 1595 διαιρούμενον,
731 1528 1020 1598 ἀσώματον
1043 1526 1179 1582 εἶναι
1200 1531 1437 1599 λέγουσι.
1467 1534 1557 1584 Διὸ
1580 1535 1698 1587 δέον

125 1617 472 1680 ἐπίστασθαι,
511 1617 587 1680 ὡς
621 1618 682 1669 τὸ
708 1619 997 1687 ἀσώματον
1028 1621 1196 1689 δνομα
1234 1623 1374 1674 κατὰ
1401 1625 1526 1684 τοὺς
1550 1625 1699 1692 φιλο-

125 1705 324 1772 σόφους
352 1705 658 1777 ὁμωνύμως
685 1726 744 1759 τε
799 1709 895 1760 καὶ
936 1710 1199 1778 ἀορίστως
1225 1711 1464 1780 λέγεται,
1498 1716 1698 1782 μᾶλλον

124 1797 181 1849 δὲ
211 1798 510 1869 συλλήόδην
541 1801 728 1867 φάναι,
767 1802 964 1854 ὲκεῐνοι
994 1804 1096 1871 τὴν
1131 1803 1263 1870 ὓλην
1282 1821 1295 1835 υ
1332 1808 1426 1858 καὶ
1456 1806 1517 1858 τὸ
1556 1803 1698 1871 εἶδος

126 1888 187 1954 ἐξ
213 1882 287 1941 ὧν
309 1889 377 1942 τὰ
411 1889 659 1960 σώματα,
695 1893 788 1944 καὶ
814 1893 1030 1963 χρῶμα,
1054 1894 1148 1946 καὶ
1177 1897 1284 1948 πᾶν
1308 1897 1512 1967 σχῆμα,
1533 1899 1699 1967 ἤγουν

128 1981 308 2032 πᾶσαν
337 1982 591 2051 ποιότητα
622 1983 878 2036 καλοῦσιν
928 1984 1218 2054 ἀσώματον
1264 1987 1365 2054 τήν
1402 2003 1462 2039 τε
1494 1987 1698 2058 ψυχὴν,

127 2073 369 2134 καὶτοὺς
399 2074 680 2141 ἀγγέλους,
707 2075 801 2128 καὶ
832 2075 965 2128 αὑτὸ
990 2076 1049 2128 τὸ
1078 2076 1240 2138 θετον,
1274 2071 1349 2130 ὧν
1374 2079 1431 2130 οὑ
1463 2080 1561 2149 μία
1607 2083 1702 2133 καὶ

129 2167 162 2233 ἡ
189 2165 328 2235 αὐτὴ
364 2167 472 2218 τῶν
495 2167 750 2220 ἁπάντων
779 2168 1011 2236 ἡφύσις,
1047 2169 1184 2223 ἀλλὰ
1239 2171 1432 2223 πολλαὶ
1455 2173 1548 2224 καὶ
1583 2174 1700 2226 διά-

129 2273 303 2327 φοροι,
334 2258 408 2322 ὡς
430 2257 680 2312 ἐντεῦθεν
702 2258 1028 2312 πιστοῦσθαι
1055 2261 1240 2329 σαφῶς
1264 2263 1573 2333 ὁμωνύμως
1611 2266 1703 2316 καὶ

127 2349 394 2420 ἀορίστως
427 2349 682 2417 λέγεσθαι
703 2351 763 2403 τὸ
787 2351 1074 2420 ἀσώμαοον
1109 2352 1300 2423 ὄνομα,
1332 2354 1472 2406 κατὰ
1495 2355 1704 2408 πολλῶν

131 2443 528 2511 σημαινόμενον
552 2442 615 2508 ¹⁸,
647 2443 742 2494 καὶ
783 2445 848 2512 τῇ
877 2443 1036 2510 φύσει
1071 2444 1440 2514 διαφερόντων
1469 2449 1704 2518 φερόμε-

127 2544 237 2582 νον.
265 2530 338 2581 Τὸ
377 2531 537 2601 σῶμα
567 2532 766 2598 τοίνυν,
820 2535 917 2586 καὶ
971 2534 1070 2585 ὃσα
1120 2535 1224 2587 ὑπὸ
1262 2536 1525 2606 τδισῶμά
1588 2541 1706 2592 ἐστι

129 2621 307 2684 κοινὰ,
341 2617 465 2674 ⁸οἷον
494 2623 755 2692 ἔμψυχον,
791 2623 948 2688 ζῶον,
985 2626 1289 2692 ἄνθρωπος,
1329 2627 1594 2699 ἀσώματα
1618 2649 1709 2684 κα-

129 2710 348 2766 λοῦνται
384 2713 516 2783 (37).
563 2714 781 2784 Ἐπειδὴ
813 2715 1019 2768 τούτων
1048 2717 1278 2769 ἕκαστον
1302 2720 1552 2789 αἰσθήσει
1611 2721 1708 2790 μὲν

123 2804 229 2873 οὑχ
258 2804 575 2866 ὑποπίπτει,
629 2806 764 2859 ἀλλὰ
793 2805 876 2858 νοῒ
932 2808 1451 2876 καταλαμϐάνεταν
1486 2811 1545 2862 οὑ
1601 2811 1709 2882 γάρ

131 2896 268 2946 εἰσιν
304 2896 486 2956 αὑτοῖς
527 2896 788 2964 ἰδιότητες
842 2898 1138 2967 ὁριστικαὶ,
1189 2898 1311 2951 καθ’
1357 2899 1423 2962 ἃς
1459 2900 1708 2969 αξσθήσει

133 2984 730 3056 καθυποδληθήσονται.
783 2987 863 3040 Τὰ
922 2989 1106 3056 μέντοι
1156 2989 1331 3060 ἄτομα
1362 3030 1376 3052 ,

133 3075 305 3128 ταῦτα
331 3071 804 3146 κατηγοροῦνται,
857 3077 1087 3147 σώματὰ
1125 3082 1295 3142 ἐστιν,
1340 3081 1414 3143 ὼς
1459 3082 1566 3134 ὑπὸ
1614 3083 1711 3152 τὴν

134 3168 386 3238 αἴσθησιν
418 3169 685 3222 πίπτοντα
705 3187 718 3200 ·
747 3171 1000 3239 ὁριστικα
1050 3172 1158 3242 γὰρ
1186 3171 1403 3242 ἔχουσιν
1425 3174 1709 3244 ἰδιώματα.

135 3263 279 3334 Πλὴν
305 3267 352 3316 εί
383 3267 473 3317 καὶ
499 3265 558 3317 τὸ
584 3265 762 3317 κοινὸν
795 3265 973 3335 σῶμα,
1019 3266 1112 3318 καὶ
1157 3267 1283 3319 ὅσον
1331 3269 1477 3321 ἐστὶν
1522 3269 1626 3320 ὑπὸ
1655 3269 1715 3321 τὸ

136 3356 312 3408 κοινὸν
339 3355 502 3408 διὰτὸ
533 3356 797 3426 μηδαμῶς
817 3357 1088 3426 αἰσθήσει,
1117 3359 1252 3411 ἀλλὰ
1283 3358 1356 3429 νῷ
1393 3359 1550 3429 μόνον
1574 3356 1715 3414 εἶναι

135 3447 357 3517 ληπτὸν,
383 3448 672 3518 ἀσώματον
698 3450 936 3517 λέγεται·
974 3451 1087 3504 ἀλλ’
1115 3447 1212 3505 οὖν
1233 3453 1388 3520 φύσει
1417 3453 1572 3522 σῶμα
1593 3455 1716 3532 mp-

137 3539 362 3610 έστηκεν
383 3557 395 3570 ·
426 3542 804 3611 παραπλήσιον
834 3542 879 3594 δ’
911 3542 978 3595 ἂν
1009 3544 1094 3614 εἴη
1119 3543 1279 3597 τοῦτο
1309 3544 1387 3614 τῷ
1424 3545 1609 3608 ἁπλῶς
1636 3547 1717 3598 λε-

136 3635 351 3703 γομένῳ
375 3632 580 3702 κύκλῳ,
608 3635 686 3705 τῷ
718 3636 986 3706 γραμμὰς
1039 3637 1322 3707 ὁριστικὰς
1356 3639 1456 3691 οὑκ
1513 3639 1712 3709 ἔχοντι.

147 3725 207 3778 Ὀ
239 3727 345 3797 γὰρ
396 3725 636 3790 τοιοῦτος
676 3727 873 3792 κύκλος
922 3727 1083 3798 φύσει
1117 3729 1219 3800 μὲν
1266 3731 1552 3801 μετρητὸς,
1590 3731 1714 3785 καθ’

137 3819 166 3871 ὁ
189 3818 245 3872 δὲ
273 3821 537 3890 γραμμὰς
566 3821 846 3890 ὁριστικὰς
867 3823 966 3874 οὑκ
987 3821 1118 3890 ἔχει,
1139 3822 1390 3892 οὐδαμῶς
1419 3824 1714 3878 ὑποπίπτει

141 3915 445 3982 μετρήσειοε
484 3911 582 3964 οὑκ
613 3911 724 3982 ἔχει
767 3913 875 3981 γὰρ
907 3913 1183 3982 ὁριστικὸν
1238 3916 1471 3987 σταυρὸν
1495 3955 1510 3977 ,
1555 3917 1620 3970 δι’
1651 3911 1711 3970 οὑ

138 4002 303 4066 ποσός
348 4004 468 4056 ἐστι
503 4004 814 4074 γνωσθῆναι.
842 4005 1162 4077 δυνήσηται.
1213 4007 1384 4062 Ἑπὰν
1424 4009 1480 4062 δὶ
1512 4010 1714 4073 κύκλος

138 4096 361 4166 γένηται
394 4095 654 4166 μερικῶν,
688 4096 903 4162 είὸικῶς
954 4114 1036 4162 τε,
1092 4099 1187 4153 καὶ
1220 4100 1512 4170 ὁριστικῶς
1548 4103 1589 4136 ¹⁹
1621 4105 1714 4157 εὑ-

138 4185 271 4250 οέως
290 4189 487 4241 ὁπόσον
525 4188 639 4258 εχει
671 4187 903 4259 μέγεθος
937 4191 1200 4260 μετρήσει
1226 4193 1320 4243 καὶ
1370 4194 1717 4265 περιορισθή-

1468 2991 1586 3042 καθ’
1636 2984 1710 3043 ὧν
1737 2971 1777 3025 C

1792 546 1978 592 centes
2035 538 2313 592 Christum
2361 553 2480 593 esse
2513 556 2674 592 unam
2727 548 3000 601 naturam,
3034 542 3179 594 sicut
3223 541 3364 593 dici-

1793 642 1913 682 mus
1940 643 2062 683 esse
2089 643 2213 681 cum
2267 645 2427 682 unam
2463 630 2828 699 hypostasim,
2856 631 3002 700 quod
3036 642 3119 687 est
3147 635 3364 701 plcmuu

1793 717 2046 772 interitus
2066 721 2281 774 animae.
2313 720 2407 772 Sin
2442 729 2621 772 autem
2641 735 2986 774 communem
3015 737 3127 775 rem
3167 723 3364 776 Filiqu

1794 810 2158 877 assumpsisse
2186 809 2509 872 dixerimus,
2538 810 2807 864 insultant
2870 813 3057 865 statim
3093 813 3253 868 nobis
3282 814 3367 866 di-

1794 906 2008 952 centes:
2033 899 2317 964 Quomodo
2352 898 2520 953 Filius
2549 903 2870 953 im-arnatur
2890 901 3165 954 communi
3189 917 3246 954 re
3277 916 3367 953 as-

1796 990 2044 1053 sumpta?
2081 990 2417 1057 impossibile
2451 990 2595 1042 enim
2629 999 2713 1044 est
2739 991 2942 1060 aliquid
2978 992 3366 1059 incorporeum

1796 1087 2143 1147 corporatum
2209 1079 2322 1134 ﬁeri
2373 1082 2688 1150 copulatum
2741 1082 3088 1150 incorporeo.
3155 1083 3367 1147 Quilms

1796 1167 2192 1220 occurrendum
2218 1177 2296 1222 est
2324 1188 2336 1220 :
2368 1170 2483 1222 Non
2517 1171 2887 1234 intellexistis,
2925 1188 2956 1224 ο
2983 1172 3132 1237 boni,
3165 1189 3367 1241 prepo-

1798 1259 1960 1311 situm
1990 1260 2464 1328 philosophorum,
2507 1278 2629 1315 cmn
2665 1265 2945 1324 dixerunt,
2982 1266 3367 1332 incorporeum

1799 1365 1919 1403 esse
1945 1365 2249 1404 commune.
2289 1351 2421 1405 Nam
2455 1368 2575 1406 cum
2603 1353 2790 1406 dicunt
2840 1355 3226 1422 incorporeum
3251 1371 3374 1408 c-se

1800 1449 1959 1488 omne
2001 1451 2171 1504 genus
2228 1447 2282 1491 et
2324 1441 2586 1506 speciem,
2635 1443 2798 1494 etiam
2855 1444 3028 1508 ipsum
3066 1459 3269 1510 corpus
3307 1460 3373 1498 ex

1802 1524 2109 1578 substantia
2141 1529 2579 1595 generalissima.
2632 1547 2753 1599 qua:
2779 1533 2979 1583 tiit'illll‘
3007 1549 3176 1601 genus
3212 1550 3376 1602 gene-

1803 1617 2160 1684 ralissimum,
2211 1619 2485 1685 divisum,
2546 1623 2929 1691 incorporeum
2985 1641 3110 1679 esse
3161 1626 3373 1678 dicunt.

1805 1706 2171 1771 Quamobrem
2235 1711 2379 1764 scire
2437 1723 2653 1782 oportet
2726 1730 2925 1768 nomen
2986 1719 3374 1785 incorporeum

1803 1801 2107 1853 secundum
2148 1804 2504 1872 philosophos
2553 1805 2883 1875 homonyme
2912 1817 2963 1861 et
2990 1809 3201 1862 intiuitc
3246 1810 3378 1869 da'ci.

1802 1890 1929 1952 imo,
1967 1901 2025 1946 ιιι
2066 1897 2252 1963 paucis
2308 1912 2420 1951 rem
2456 1898 2813 1965 complectar,
2865 1900 2942 1951 illi
2989 1903 3270 1954 materiam
3323 1913 3375 1956 et

1801 1985 2035 2051 speciem
2077 2002 2140 2039 ex
2194 1987 2400 2056 quibus
2456 2003 2712 2057 corpora,
2750 1999 2803 2044 ct
2860 2005 3076 2043 onmem
3136 1995 3373 2046 colorem

1802 2083 1968 2142 atque
1999 2076 2250 2145 ﬁguram,
2291 2079 2340 2131 id
2377 2087 2482 2143 est,
2538 2095 2756 2135 omnem
2805 2084 3125 2150 qualitatem
3182 2096 3379 2138 vocant

1803 2166 2208 2236 incorporeum,
2231 2177 2284 2223 et
2318 2171 2577 2236 animam,
2607 2182 2768 2241 atque
2827 2176 3072 2243 angelos,
3108 2185 3162 2228 et
3195 2178 3372 2245 ipsum

1804 2257 1992 2323 Deum,
2027 2276 2259 2330 quorum
2292 2264 2541 2317 omnium
2565 2281 2673 2317 non
2704 2274 2787 2320 est
2815 2282 2921 2319 una
2956 2277 3010 2319 et
3043 2268 3232 2322 eadem
3275 2286 3373 2323 na-

1802 2357 1943 2415 tura,
1999 2353 2094 2405 sed
2150 2354 2334 2408 multa:
2380 2362 2435 2408 et
2459 2357 2648 2418 variae,
2677 2365 2734 2409 ut
2768 2358 2892 2410 hinc
2921 2361 3081 2425 plane
3117 2363 3382 2429 probetur

1805 2442 2129 2511 homunyme
2162 2455 2215 2497 et
2268 2445 2479 2501 infinite
2514 2447 2620 2501 dici
2659 2464 2856 2503 nomen
2896 2452 3281 2520 incorporeum
3314 2456 3383 2507 do

1808 2535 1996 2589 multis
2044 2535 2366 2605 signiﬁcatis
2414 2547 2466 2591 et
2498 2548 2694 2593 natura
2747 2540 3148 2598 diﬁ‘erentibus.
3202 2543 3384 2610 Quare

1806 2631 2028 2696 corpus,
2062 2638 2116 2682 et
2142 2645 2482 2700 quaecunque
2508 2633 2637 2686 Sunt
2658 2634 2762 2687 sub
2793 2649 3024 2704 corpore
3047 2640 3383 2702 communia,

1809 2727 1866 2770 ut
1899 2719 2222 2781 animatum,
2255 2721 2481 2784 animal,
2516 2722 2700 2788 homo,
2734 2724 3057 2792 incorporea
3094 2737 3381 2792 vocantur,

1810 2806 1937 2872 quia
1972 2808 2406 2876 unumquodque
2443 2808 2637 2862 horum
2687 2821 2901 2866 nonest
2934 2815 3240 2883 subjectum
3262 2834 3388 2872 scn-

1810 2895 1918 2959 sui,
1985 2896 2077 2948 sed
2149 2908 2328 2950 mente
2388 2901 2875 2968 comprehenditur
2903 2922 2915 2955 :
2947 2920 3053 2956 non
3086 2907 3228 2958 enim
3260 2919 3390 2963 sunt

1815 2988 1896 3038 eis
1933 2987 2300 3055 proprietates
2349 2991 2623 3059 ὁριστικαὶ
2661 2993 2735 3061 (id
2772 3001 2877 3057 est,
2929 2995 3391 3062 inditidnantes).

1815 3075 1979 3146 360
2011 3078 2212 3146 quibus
2243 3081 2428 3133 sensui
2451 3082 2842 3149 subjiciuntur.
2876 3081 3161 3139 lndividua
3185 3097 3390 3150 tamen,

1815 3165 1881 3218 de
1911 3168 2110 3233 quibus
2143 3168 2256 3222 haec
2291 3169 2686 3237 praedicantur,
2743 3185 2972 3241 corpora
3003 3183 3155 3238 siint,
3207 3185 3395 3244 utpore

1815 3259 1916 3313 snb
1943 3249 2163 3314 sensum
2194 3261 2472 3325 cadentia;
2499 3263 2862 3330 proprietates
2893 3265 3036 3318 enim
3063 3266 3266 3321 habent
3303 3271 3395 3321 de-

1816 3350 2086 3418 ﬁnientes,
2119 3352 2234 3406 sive
2258 3352 2640 3407 terminantes.
2675 3351 2881 3407 Verum
2924 3357 3027 3408 etsi
3089 3371 3390 3413 commune

1814 3457 2032 3511 corpus,
2081 3452 2134 3497 et
2169 3445 2537 3514 quodcunque
2591 3454 2675 3499 est
2738 3447 2842 3500 sub
2905 3447 3026 3516 ipso
3075 3462 3394 3510 cmumunc.

1814 3534 2198 3604 incorporeum
2232 3535 2456 3598 dicitur,
2508 3537 2636 3605 quia
2687 3552 2796 3590 nou
2831 3546 3013 3606 potest
3055 3554 3242 3601 sensu,
3297 3543 3395 3595 sed

1815 3635 1995 3679 mente
2029 3626 2263 3695 percipi,
2328 3634 2510 3680 tamen
2571 3637 2773 3681 natura
2835 3643 3039 3698 corpus
3095 3633 3394 3686 consistit;

1815 3721 1994 3776 simile
2015 3730 2099 3776 est
2159 3721 2267 3778 hoc
2318 3723 2531 3777 circulo
2561 3723 2889 3793 simpliciter
2951 3724 3123 3786 dicto,
3159 3741 3264 3781 non
3303 3727 3398 3780 ha-

1816 3813 1964 3868 benti
2034 3813 2208 3869 lineas
2267 3815 2553 3884 ὁριστικάς
2613 3814 3008 3888 [deﬁnientes].
3065 3816 3396 3888 llujusmodi

1814 3908 1958 3962 enim
2017 3908 2260 3964 circulus
2294 3917 2490 3963 natura
2525 3908 2745 3979 quidem
2776 3917 3160 3975 mensuratus,
3196 3923 3396 3982 quate-

1816 4017 1918 4058 nus
1955 4017 2084 4058 vero
2107 4017 2214 4057 non
2260 4001 2421 4057 habet
2471 4002 2644 4057 lineas
2669 4001 3015 4069 deﬁnientes,
3047 4018 3397 4073 nequaquam

1816 4096 2109 4164 subjicitur
2132 4096 2566 4160 mensurationi;
2603 4111 2712 4152 non
2739 4096 2888 4152 enim
2937 4097 3100 4152 habet
3121 4098 3400 4167 ὸριστικὸν

1819 4188 2073 4257 σταυρὸν,
2101 4188 2152 4242 id
2189 4197 2292 4254 cst,
2349 4188 2552 4242 lineam
2591 4190 2920 4257 partientem
2943 4189 2998 4243 in
3027 4188 3246 4243 modum
3272 4204 3400 4243 cru-

139 4295 309 4333 σεται.
342 4280 549 4334 Οὐκοῦν
573 4284 600 4334 ό
636 4281 929 4351 λεγόμενος
973 4281 1160 4345 ἁπλῶς
1193 4282 1390 4347 κύκλος
1420 4285 1580 4352 φύσει
1618 4287 1704 4357 μὲι

1822 4282 1921 4343 cis,
1956 4297 2063 4351 qua
2115 4283 2291 4351 possit
2339 4281 2598 4350 cognosci
2651 4291 2892 4351 quantus
2953 4282 3070 4339 sit:
3102 4290 3399 4351 postquam

137 4374 403 4445 ἀορίστως
429 4377 733 4444 μετρεῖται.
774 4374 1095 4445 Ὀριστικῶς
1135 4375 1232 4445 οὑχ
1268 4375 1564 4430 ὑποπίπτει
1615 4396 1714 4448 με-

138 4469 347 4538 τρήσει.
399 4466 555 4521 Οὕτω
575 4467 637 4519 τὸ
671 4467 818 4537 παρὰ
857 4467 951 4521 τοῦ
985 4469 1156 4521 ᾶῗδίου
1205 4469 1336 4521 Υίοῦ
1372 4470 1720 4542 προσληφοὲν

136 4559 472 4630 ἀνθρώπινον
495 4558 673 4628 σῶμα,
718 4558 879 4628 σῶμα
911 4559 1014 4629 μέν
1036 4562 1153 4612 ἐστι
1205 4561 1392 4630 φύσει·
1427 4562 1550 4615 καθ’
1599 4564 1627 4616 ὃ
1661 4564 1719 4618 δὲ

138 4652 315 4704 κοινὸν
331 4650 409 4712 ὃν,
443 4650 692 4720 οὐδαμῶς
722 4651 827 4703 ὑπὸ
847 4652 947 4722 τὴν
973 4651 1227 4722 αἴσθησιν
1258 4653 1466 4718 πίπτει,
1496 4654 1716 4726 ἀσώμα-

137 4761 229 4796 τον
262 4743 538 4797 καλεῖται·
581 4743 667 4796 ἐπ’
699 4743 765 4796 ἂν
821 4743 878 4796 δὲ
923 4744 1386 4815 χαρακτηρίζεται
1422 4749 1716 4815 ὁριστικοῖς

142 4837 447 4908 ίδιῶμασιν,
473 4836 763 4908 ὁριστικῶς
796 4837 992 4890 αὐτίκα
1033 4841 1099 4907 τῇ
1132 4837 1380 4907 αίσθήσει
1419 4839 1716 4892 ὑποπίπτει

139 4929 485 5000 χρηματίσαν
515 4928 769 5000 αίσθητόν
803 4945 860 4981 τε
889 4929 986 4983 καὶ
1007 4929 1273 5012 απτωτον.

1822 4381 2005 4427 autem
2031 4372 2208 4427 factus
2236 4371 2397 4426 fuerit
2425 4373 2670 4426 circulus
2704 4372 3082 4440 particularis,
3119 4373 3400 4442 specialis,

1821 4471 1875 4518 et
1924 4463 2214 4535 deﬁnitus,
2276 4464 2460 4518 statim
2541 4478 2802 4517 mensura
2882 4464 3399 4524 circumscribetur.

1822 4565 2085 4625 quantam
2132 4556 2331 4610 habeat
2379 4554 2833 4626 magnitudinem.
2898 4555 3072 4626 igitur
3134 4555 3401 4615 circulus.

1822 4648 1914 4715 qui
1941 4645 2265 4714 simpliciter
2322 4645 2551 4710 dicitur,
2604 4653 2801 4700 natura
2857 4646 3076 4715 quidem
3121 4644 3405 4700 indeﬁnite

1824 4748 2199 4802 mensuratur,
2249 4738 2472 4794 deﬁnite
2499 4753 2628 4793 vero
2654 4756 2759 4794 non
2789 4739 3086 4808 subjicitur
3110 4753 3401 4792 mensurae.

1828 4832 1919 4887 Sic
1956 4835 2256 4888 humanum
2287 4846 2493 4902 corpus
2511 4833 2582 4888 ab
2610 4841 2820 4888 aeterno
2851 4830 2989 4887 Filio
3035 4837 3403 4900 assumptum,

1828 4940 2034 4996 corpus
2061 4923 2282 4993 quidem
2303 4932 2625 4987 estnatura,
2657 4931 2934 4993 quatenus
2957 4937 3087 4978 vero
3113 4935 3408 4975 commune

126 5036 483 5092 nequaquam
521 5023 624 5078 sub
663 5038 884 5078 sensum
927 5022 1153 5086 cadens,
1188 5022 1576 5092 incorporeum
1613 5031 1872 5088 vocatur;
1945 5027 2235 5091 postquam
2301 5034 2433 5073 vero
2500 5019 2754 5089 signatur
2818 5017 3249 5090 proprietatibus
3308 5014 3408 5070 dc-

136 5118 329 5180 ﬁnitis,
361 5115 625 5172 continuo
646 5116 868 5173 deﬁnite
898 5116 1000 5172 sub
1024 5130 1243 5172 sensum
1262 5115 1428 5180 cadit,
1462 5125 1798 5188 vocaturque
1832 5115 2037 5172 sensile
2068 5121 2121 5168 et
2150 5111 2354 5166 tactile.

1424 5291 1659 5348 νΑΒῙᾹΞ
1673 5291 2084 5349 LECTIONES.

212 5390 254 5425 "
289 5387 636 5460 Σενηριανοί.
719 5387 760 5418 ⁸⁸
789 5385 1226 5456 σημαινομένων.

1311 5385 1350 5415 ¹⁹
1396 5383 1430 5437 Ι”.
1473 5386 1722 5456 μερικδς,
1756 5386 1954 5448 είδικός
1988 5401 2047 5437 τε
2094 5385 2186 5437 καὶ
2228 5381 2526 5453 ὁριστικὸς.

1644 5493 1881 5553 ΝΟΤΛΕ.

208 5597 324 5679 (57)
374 5598 433 5679 In
489 5596 754 5679 Bavarico
804 5594 1007 5679 codice.
1045 5591 1496 5679 ειθ]ιιιιρςξεὶξιιιιιὲιι·⁵
1532 5590 1653 5679 hac
1693 5605 1722 5643 a

133 5659 561 5746 superioribus,
615 5669 939 5736 interposito
993 5665 1098 5718 hoe
1157 5659 1499 5746 ιιιιιιοιξςξοὺ
1533 5660 1722 5746 Ἀορυ-

132 5729 311 5815 ata'pd,
339 5739 501 5814 quasi
525 5729 673 5796 esset
703 5729 908 5796 uorum
945 5737 1294 5807 opusculum.
1325 5729 1432 5786 Sed
1472 5735 1583 5788 tunc
1607 5732 1721 5792 dis-

1832 5594 2025 5646 tinctio
2067 5609 2174 5648 non
2222 5593 2321 5647 fuit
2373 5593 2425 5644 in
2495 5593 2754 5647 Turriani
2794 5590 3118 5661 exemplari,
3165 5597 3222 5644 ut
3259 5599 3416 5661 patet

1833 5680 1896 5720 ex
1938 5666 2185 5734 ejusdem
2224 5665 2497 5720 versione.
