4086 6454
145 415 277 486 N89

1538 431 1956 496 OPUSCULA-

3261 438 3398 508 1490

137 528 381 593 ἐκείνους
428 530 625 595 κοινῶς
666 533 987 605 νοουμένην,
1018 536 1102 590 δεῖ
1146 538 1578 610 κατηγορεῖσθαι
1611 540 1719 593 τῶν

1834 543 1965 597 enim
1996 541 2299 598 secundum
2326 542 2450 599 illos
2467 544 2835 600 communiter
2864 544 3163 618 cogitatam
3185 557 3404 620 oportet

139 621 513 688 ὑποστάσεων,
548 622 623 695 μὴ
675 623 938 693 λέγεσθαι
991 627 1092 699 τὴν
1151 628 1459 697 φύσιν,ὼς
1514 630 1716 684 ἐκεῖνοί

140 729 325 782 φασιν,
360 714 435 777 ὡς
462 716 716 770 ἐντεῦθεν
752 718 1229 789 ἀποδειχθήσεται.
1256 721 1318 774 Ei
1346 722 1453 792 γὰρ
1488 724 1519 793 ἡ
1558 721 1719 791 φύσις

142 805 367 877 μερικῆ,
405 806 527 860 κατ’
560 807 805 873 ἐκείνους
854 813 1118 883 νοουμένη
1142 853 1157 876 ,
1195 813 1495 877 ὑπόστασις
1544 816 1718 878 ἐστιν,

139 899 355 968 ἀνάγκη
391 902 542 955 πᾶσα
578 902 700 955 κατ’
732 905 933 967 αὑτοὺς
975 906 1067 957 τόν
1102 923 1163 958 τε
1202 906 1445 978 Πατέρα,
1486 909 1579 961 καὶ
1629 908 1721 961 τὸν

141 990 289 1057 Υἱδν,
324 995 416 1046 καὶ
453 994 513 1047 τὸ
560 996 785 1066 Πνεῦμα
834 998 895 1050 τὸ
923 998 1079 1066 ἅγιον
1108 1003 1262 1069 τρεῖς
1309 1002 1543 1071 μερικὰς
1600 1003 1721 1071 ἀρι-

144 1082 404 1152 θμεῖσθαι
440 1086 655 1153 φύσεις.
689 1090 785 1141 καὶ
808 1092 961 1160 τρεῖς
999 1091 1383 1160 ὁμολογεῖσθαι
1415 1094 1592 1157 θεοὺς,
1626 1094 1721 1146 καὶ

140 1180 293 1246 τρεῖς
336 1178 634 1248 θεότητας,
667 1180 697 1234 δ
748 1182 812 1251 δὴ
873 1181 1239 1252 βλασφημιῶν
1297 1186 1444 1238 ἐστιν
1491 1186 1721 1238 ἀπασῶν

142 1271 441 1343 ἀκροτάτη,
482 1275 685 1341 μᾶλλον
738 1275 795 1327 δὲ
842 1275 941 1329 τοῦ
988 1278 1423 1347 Χριστιανισμοῦ
1451 1277 1722 1348 παντελὴς

142 1363 371 1435 ἄρνησις
393 1381 407 1396 ·
441 1365 582 1420 ὥστε
636 1368 786 1433 δῆλοι
828 1372 1139 1442 πεφήνασιν
1166 1372 1412 1444 ἀνοήτως
1445 1373 1719 1442 λέγοντες,

145 1459 379 1529 μερικὴν
424 1456 567 1513 εἶναι
600 1460 783 1529 φύσιν,
818 1465 867 1516 οἱ
920 1466 1272 1535 παράφρονες
1310 1466 1598 1536 αίρετικοὶ,
1629 1469 1723 1520 καὶ

141 1551 413 1604 πάντοθεν
449 1554 811 1621 στεφανοῦται
867 1557 990 1609 κατ’
1016 1559 1197 1611 αὐτῶν
1229 1558 1499 1629 βασιλικῷ
1542 1559 1724 1630 διαδή-

147 1659 280 1710 ματι
312 1643 422 1696 τῶν
450 1646 749 1714 όρθοδόξων
776 1649 808 1717 ἡ
841 1650 1042 1715 πίστις,
1073 1652 1104 1721 ή
1144 1652 1236 1705 τὸν
1269 1652 1526 1722 Χριστὸν,
1554 1654 1724 1723 ἧγουν

145 1734 238 1787 τὸν
259 1734 426 1789 ἀΐδιον
448 1736 573 1790 Υἱὸν
595 1739 1057 1809 ἐνηνθρωπηκότα
1084 1742 1216 1805 μίαν
1238 1744 1538 1797 ὑπόστασιν
1559 1742 1721 1811 εἶναι,

148 1828 243 1881 καὶ
285 1828 379 1882 δύο
410 1830 603 1899 φύσεις
630 1833 967 1901 ὁμολογοῦσα
996 1835 1088 1888 τὸν
1130 1837 1293 1890 αὐτὸν
1327 1837 1464 1907 ὁμοῦ
1499 1838 1633 1891 Θεόν
1664 1856 1723 1893 τε

1824 634 2114 705 prwdicari
2149 636 2218 691 de
2237 637 2428 705 multis
2460 638 2875 708 bypostasibus,
2916 648 3027 693 non
3059 648 3243 694 autem
3290 640 3401 697 dici

1822 733 2078 781 naturam
2132 727 2552 797 particularem,
2589 736 2649 783 ut
2682 730 2758 784 illi
2796 729 3010 795 dicunt,
3042 730 3401 802 quemadmo-

1820 818 1950 872 dum
1978 834 2045 873 ex
2100 820 2186 874 his
2210 820 2707 877 demoustrabitur.
2746 822 2803 875 Si
2861 822 3010 877 enim
3045 830 3246 877 natura
3277 838 3404 895 par-

1822 910 2092 974 ticularis,
2130 911 2290 969 uLilli
2318 912 2658 982 intelligunt,
2702 914 3014 984 hypostasis
3042 925 3146 975 est,
3170 930 3402 971 necesse

1822 1004 2049 1071 omnino
2086 1012 2172 1059 est
2216 1006 2521 1060 secundum
2579 1021 2676 1060 eos
2712 1006 2929 1061 Patrem
2954 1046 2969 1072 ,
3001 1014 3056 1061 et
3088 1006 3308 1075 Filium,
3347 1015 3404 1063 et

1824 1094 2086 1163 Spiritum
2142 1108 2429 1161 sanetum,
2465 1110 2574 1152 tres
2610 1099 2977 1167 particulares
3030 1107 3261 1153 naturas
3292 1115 3400 1154 nu-

1823 1186 2051 1250 merari,
2082 1194 2137 1241 et
2180 1198 2292 1241 tres
2322 1187 2454 1242 deos
2485 1186 2616 1250 dici,
2649 1198 2705 1243 et
2736 1187 3138 1253 tres-deitates,
3179 1203 3302 1258 quae
3316 1195 3404 1244 est

1823 1293 2040 1335 summa
2065 1281 2311 1335 omnium
2343 1282 2709 1351 blasphemia,
2747 1282 2882 1351 quin
2915 1282 3098 1352 potius
3126 1280 3403 1336 Christia-

1822 1370 2065 1425 nismum
2100 1372 2319 1441 penitus
2370 1389 2604 1443 negare;
2642 1374 3004 1443 quamobrem
3044 1370 3405 1426 manifestum

1823 1471 1909 1518 est
1939 1464 2241 1518 amentium
2275 1465 2660 1519 haereticorum
2699 1480 2845 1528 esse,
2872 1464 3020 1535 quod
3072 1464 3229 1518 aiunt
3280 1478 3407 1519 esse

1824 1563 2075 1607 naturam
2139 1555 2561 1623 particularem;
2603 1563 2656 1610 et
2688 1570 2755 1609 ex
2795 1555 2948 1609 omni
3005 1564 3161 1625 parte
3212 1563 3405 1609 contra

1823 1659 1918 1699 eos
1958 1645 2109 1714 regia
2136 1660 2338 1699 corona
2394 1645 2686 1700 redimitur
2731 1644 2868 1700 ﬁdes
2913 1644 3246 1709 orthodoxa,
3285 1656 3409 1714 qua

1823 1736 2127 1802 Christum.
2148 1750 2415 1794 aeternum
2448 1739 2657 1794 scilicet
2673 1737 2872 1792 Filium
2902 1738 3101 1793 factum
3124 1736 3407 1808 hominem

1826 1848 1993 1887 unam
2032 1834 2366 1905 hypostasim
2409 1850 2555 1896 esse,
2591 1842 2647 1888 et
2679 1834 2819 1888 duas
2849 1843 3077 1888 naturas
3105 1830 3407 1887 conﬁtetur

146 1921 241 1973 καὶ
265 1922 574 1991 ἄνθρωπον,
609 1926 973 1995 ὑποκείμενον
1002 1927 1093 1981 τὸν
1132 1929 1294 1983 αὑτὸν
1330 1932 1453 1994 ταῖς
1495 1930 1589 1984 δύο
1619 1933 1723 1998 φύ-

1834 1925 2079 1979 eumdem
2122 1924 2291 1979 Deum
2330 1925 2492 1979 simul
2522 1933 2577 1981 et
2626 1924 2933 1989 hominem,
2959 1923 3123 1994 362
3149 1921 3408 1978 eumdem

144 2029 297 2065 σεσιν
331 2014 468 2083 πρὸς
518 2019 877 2087 κατηγορίαν.
914 2019 1024 2070 Καὶ
1056 2018 1165 2088 γὰρ
1205 2020 1443 2091 ἑκατέρα
1483 2020 1592 2073 τῶν
1627 2020 1721 2073 δύο

142 2103 363 2171 φύσεων
405 2112 799 2178 κατηγορεῖται
835 2110 1021 2170 αὑτοῦ,
1054 2111 1147 2164 καὶ
1179 2112 1538 2180 μεταδίδωσιν
1573 2112 1721 2183 αὑτῷ

139 2195 240 2249 τοῦ
284 2215 344 2251 τε
393 2199 661 2269 ὀνόματος
712 2203 906 2272 αὐτῆς,
943 2204 1038 2256 καὶ
1072 2204 1167 2257 τοῦ
1224 2202 1478 2276 ὁρισμοῦ.
1506 2205 1722 2259 Ὀθενό

140 2286 313 2348 ἀΐδιος
348 2287 471 2350 Υἱός
523 2290 642 2341 ἐστι
679 2290 839 2355 Θεὸς,
866 2290 938 2353 ὡς
970 2294 996 2343 ὁ
1028 2294 1239 2361 Πατὴρ,
1277 2294 1371 2345 καὶ
1405 2293 1467 2345 τὸ
1498 2291 1723 2362 Πνεῦμα

139 2380 204 2433 τὸ
243 2380 420 2449 ἅγιον,
458 2384 672 2436 καὶτὸν
705 2384 799 2438 τοῦ
835 2384 970 2438 Θεοῦ
1024 2386 1253 2455 ὁρισμὸν
1292 2386 1603 2455 ἐπιδέχεται
1625 2425 1639 2447 ,
1664 2386 1723 2439 ὃν

138 2475 344 2543 τρόπον
397 2476 621 2528 ἐκείνων
664 2477 928 2541 ἕκαστος,
956 2478 1050 2530 καὶ
1080 2478 1225 2530 ἔστιν
1271 2479 1299 2530 ό
1342 2478 1504 2540 αὐτὸς
1555 2478 1725 2542 ἀΐδιος

141 2564 274 2628 Υἱὸς
333 2566 641 2637 ἄνθρωπος,
679 2569 755 2632 ὡς
799 2570 893 2621 καὶ
941 2569 1088 2622 ἐστιν
1130 2570 1287 2640 ἡμῶν
1329 2570 1559 2632 ἕκαστος
1584 2584 1598 2599 ⁸
1632 2572 1725 2624 καὶ

140 2654 236 2708 τὸν
296 2657 388 2710 τοῦ
449 2658 740 2729 ἀνθρώπου
803 2661 1031 2731 ὁρισμὸν
1077 2661 1407 2730 ἐπιδέχεται,
1440 2662 1499 2714 ὃν
1526 2662 1729 2731 τρόπον

140 2747 372 2800 ἐκείνων
408 2749 661 2813 ἕκαστος,
696 2751 792 2803 καὶ
827 2751 973 2804 ἔστιν
997 2754 1025 2805 ό
1058 2751 1220 2815 αὑτὸς
1246 2752 1417 2815 ἀΐδιος
1454 2752 1580 2813 Υἱὸς
1630 2752 1727 2806 ἀν-

141 2840 389 2910 θρωπος,
439 2843 514 2906 ὡς
568 2846 661 2896 καὶ
709 2844 858 2898 ἔστιν
900 2845 1059 2916 ἡμῶν
1100 2846 1370 2909 ἕκαστος⁹
1402 2847 1495 2898 καὶ
1548 2845 1639 2899 τὸν
1684 2844 1778 2899 τοῦ

141 2933 287 2998 ζῶον
322 2936 559 3002 λογικόν,
591 2936 787 3006 θνητὸν
811 2977 826 3001 ,
859 2940 953 2990 καὶ
976 2938 1293 3007 ἐπιστήμης
1359 2937 1631 3002 δεκτικὸν,
1673 2938 1795 2991 καθ’

1825 2016 2138 2084 subjectum
2194 2016 2409 2071 duabus
2447 2017 2663 2073 naturis
2693 2024 2754 2071 ut
2784 2016 2852 2070 de
2892 2031 2960 2071 eo
3012 2014 3405 2085 praedicentur.

1828 2106 2076 2177 Utraque
2117 2109 2264 2163 enim
2317 2117 2509 2163 natura
2553 2110 2620 2164 de
2664 2123 2730 2164 eo
2776 2108 3128 2179 praedicatur,
3168 2114 3223 2161 et
3253 2120 3408 2159 com-

1829 2203 2073 2256 municat
2099 2218 2223 2255 cum
2257 2218 2323 2258 eo
2361 2212 2415 2258 et
2446 2219 2643 2258 nomen
2676 2211 2733 2258 et
2785 2203 3187 2259 deﬁnitionem.
3252 2196 3411 2254 Unde

1828 2300 2071 2347 aeternus
2111 2290 2305 2347 Filius.
2331 2299 2415 2347 est
2451 2292 2614 2358 Deus,
2670 2293 2817 2347 sicut
2861 2290 3045 2356 Pater,
3077 2299 3132 2345 et
3168 2288 3411 2359 Spiritus

1826 2394 2079 2450 sanctus,
2108 2395 2163 2439 et
2192 2385 2568 2440 deﬁnitionem
2619 2383 2715 2440 Dei
2770 2386 2984 2454 recipit,
3041 2385 3187 2439 sicut
3232 2392 3413 2436 unus-

1826 2478 2327 2547 quisqueillorum,
2370 2485 2562 2545 estque
2585 2478 2725 2532 idem
2757 2486 3001 2533 aeternus
3021 2476 3192 2530 Filius
3222 2476 3414 2541 homo,

1829 2571 1972 2625 sicut
2004 2578 2055 2623 et
2087 2572 2468 2639 unusquisque
2496 2579 2785 2635 nostrum;
2815 2581 2870 2624 et
2902 2568 3279 2624 deﬁnitionem
3310 2568 3414 2621 ho-

1828 2661 1996 2717 minis
2015 2664 2235 2732 recipit,
2260 2663 2312 2717 id
2338 2672 2445 2727 est,
2469 2663 2671 2716 animal
2692 2662 2961 2717 rationale
2984 2661 3236 2734 mortale.
3259 2672 3416 2714 meu-

1829 2753 1904 2807 tis
1928 2763 1983 2808 et
2005 2755 2323 2824 disciplina-
2344 2769 2543 2823 capax,
2566 2754 2709 2809 sicut
2732 2753 3117 2822 unusquisque
3134 2759 3412 2807 nostrum.

1832 2847 2126 2918 ἀνθρώπου
2177 2848 2409 2921 ὁρισμὸν
2458 2847 2794 2919 ἐπιδέχεται,
2821 2846 2965 2901 τοῦτ’
3000 2847 3117 2901 ἐστι
3160 2845 3224 2899 τὸ
3273 2840 3413 2901 εἶναι

1830 2938 1890 2992 ὃν
1929 2940 2134 3009 τρόπον
2163 2940 2325 3011 ἡμῶν
2347 2939 2599 3003 ἕκαστος.

229 3029 286 3080 ⁸0
310 3028 364 3080 δὲ
396 3028 569 3095 λέγων
594 3030 683 3081 τὸν
717 3028 954 3097 Χριστὸν
990 3028 1120 3097 μίαν
1153 3024 1294 3080 εἶναι
1332 3028 1589 3081 σύνθετον
1625 3026 1724 3095 φύ-

1901 3028 2005 3095 Qui
2046 3040 2226 3085 autem
2259 3031 2396 3086 dicit
2446 3031 2731 3087 Christum
2772 3044 2937 3085 unam
2972 3037 3225 3084 naturam
3258 3044 3414 3084 com-

144 3137 256 3182 σιν,
289 3119 363 3181 ὡς
390 3120 507 3172 ἐστι
540 3120 638 3187 μία
668 3120 924 3182 σύνθετος
955 3120 1277 3182 ὑπόστασις,
1308 3120 1535 3189 ὀνόματι
1576 3118 1729 3187 φιλο-

146 3212 381 3280 σοφικῷ,
416 3214 515 3283 τήν
568 3230 628 3265 τε
690 3213 853 3281 φύσιν
901 3212 1107 3281 ταύτην
1158 3212 1447 3279 ὀνομάσαι,
1488 3210 1581 3263 καὶ
1630 3208 1731 3280 τὴν

144 3305 468 3369 ὑπόστασιν,
502 3303 763 3366 ὡσαύτως
794 3304 1169 3373 βιασθήσεται.
1234 3303 1345 3372 Τὴν
1379 3302 1566 3370 μέντοι
1601 3299 1733 3352 ὑπό-

147 3412 343 3447 στασιν
374 3396 590 3457 πάντως
622 3395 903 3448 καλέσειεν
930 3395 1099 3448 ἀΐδιον
1133 3394 1262 3446 Υἱὸν
1285 3391 1729 3463 σεσαρκωμένον.

144 3487 229 3555 τῇ
261 3486 316 3537 δὲ
346 3486 509 3554 φύσει
542 3486 664 3539 τίνα
691 3487 887 3556 κλῆσιν
911 3488 1018 3556 ἄρα
1046 3487 1381 3557 ἐφαρμόσειν
1404 3485 1729 3553 δυνήσεταις

148 3581 212 3633 Εἰ
251 3583 359 3647 γὰρ
390 3579 521 3631 Θεὸν
553 3578 755 3645 ταύτην
785 3579 1131 3649 ὀνομάσειεν,
1163 3579 1466 3649 ἀρνήσεται
1501 3577 1599 3647 τὴν
1634 3577 1731 3629 ἀν-

146 3674 505 3741 Θρωπότητα.
536 3672 598 3723 Εἰ
644 3671 701 3723 δὲ
740 3671 946 3741 ταύτην
1012 3669 1299 3741 ἄνθρωπον
1356 3667 1734 3740 προσαγορεύ-

148 3781 320 3825 σειεν,
358 3762 539 3815 ἀνελεῖ
600 3762 700 3833 τὴν
759 3762 991 3833 Τριάδα.
1025 3761 1086 3813 Εἰ
1118 3761 1175 3814 δὲ
1225 3762 1363 3829 μήτε
1418 3760 1556 3813 Θεέν
1594 3760 1733 3829 μήτε

148 3858 444 3924 ἄνθρωπον
473 3854 678 3923 ταύτην
708 3854 1049 3921 ὀνομάσειεν,
1081 3854 1170 3906 τὸν
1206 3852 1442 3922 Χριστὸν
1486 3850 1593 3922 ἄρα
1627 3868 1735 3904 πα-

150 3949 517 4018 ραστήσεται,
546 3947 683 4016 μήτε
711 3945 845 3998 θεὸν
874 3941 1042 4009 εἶναι,
1088 3946 1228 4016 μήτε
1263 3944 1555 4014 ἄνθρωπον
1584 3960 1598 3974 °
1636 3941 1735 3995 xui.

147 4036 296 4106 πρὸς
329 4038 394 4104 τῇ
430 4036 687 4107 αἰσχύνῃ,
718 4036 811 4087 καὶ
850 4035 1096 4105 μεγίστῳ
1126 4038 1515 4105 περιπεσεῖται
1567 4034 1735 4105 βλασ-

148 4130 490 4198 φημήματι,
573 4130 666 4181 καὶ
729 4128 1007 4192 ἀπωλείας
1065 4128 1333 4206 ⁴χάσματι.
1404 4129 1565 4181 Ποῖον
1627 4126 1736 4195 γὰρ

149 4223 379 4290 ἐφεύροι
419 4222 447 4274 ὁ
477 4220 739 4289 δύστηνος
786 4220 914 4291 τῇδε
966 4222 1030 4290 τῇ
1081 4223 1213 4291 κενῇ
1262 4221 1355 4272 καί
1384 4219 1549 4273 νωθεῖ
1576 4220 1736 4288 φύσει

1832 3121 2069 3190 positam
2091 3137 2239 3187 esse,
2273 3122 2419 3177 sicut
2443 3127 2529 3177 est
2559 3135 2670 3176 una
2717 3120 3025 3191 composita
3075 3120 3414 3190 hypostasia.

1832 3221 2058 3282 cogetur
2088 3213 2378 3268 nominare
2402 3214 2626 3267 nomine
2667 3211 3053 3282 philosophice
3092 3212 3256 3277 hanc,
3314 3227 3414 3266 na-

1833 3298 2039 3369 turam,
2066 3312 2127 3361 .et
2161 3306 2421 3360 similiter
2456 3305 2819 3375 hypostasim.
2852 3304 3036 3373 Atque
3075 3303 3418 3374 hypostasim

1831 3397 2054 3467 quidem
2086 3398 2313 3453 omnino
2344 3400 2625 3453 vocaverit
2679 3406 2945 3452 atternum
2978 3394 3178 3450 Filiqu
3228 3397 3418 3451 incar-

1834 3501 2047 3545 natum.
2076 3490 2301 3545 Naturae
2344 3506 2474 3545 vero
2518 3505 2681 3560 quam
2725 3489 3150 3560 appellationem
3197 3503 3415 3543 accom-

1836 3581 2063 3635 modare
2116 3580 2356 3651 poterit?
2416 3580 2474 3634 Si
2527 3580 2675 3636 enim
2736 3580 2881 3633 hanc
2922 3578 3169 3648 appellet
3223 3577 3418 3642 Deum,

1836 3671 2058 3738 negabit
2113 3671 2559 3726 humanitatem:
2604 3670 2692 3725 sin
2754 3678 2932 3724 autem
2991 3670 3131 3722 hanc
3185 3669 3421 3739 appellet

1837 3762 2136 3828 hominem,
2179 3763 2331 3818 tollet
2379 3762 2732 3817 Trinitatem.
2763 3760 2860 3817 Sin
2892 3752 3022 3816 vero
3069 3762 3209 3816 hanc
3240 3777 3420 3832 neque

1838 3854 2011 3911 Deum
2062 3872 2244 3925 neque
2296 3851 2573 3911 hominem
2622 3855 2885 3920 nominet,
2931 3854 3215 3908 Christum
3249 3855 3420 3925 igitur

1836 3954 2042 4001 statuet
2073 3961 2250 4016 neque
2282 3944 2449 3999 Deum
2480 3960 2605 4000 esse
2648 3960 2827 4015 neque
2856 3944 3157 3998 hominem.
3179 3942 3427 3998 Incidet.

1836 4052 1945 4106 que
1977 4037 2034 4090 in
2061 4037 2325 4099 dedecus,
2351 4044 2406 4091 et
2426 4038 2724 4092 maximum
2760 4036 2993 4098 crimen,
3018 4043 3073 4088 et
3106 4036 3411 4090 interitum.

1837 4129 1993 4195 Quod
2033 4130 2180 4183 enim
2245 4144 2439 4183 nomen
2494 4128 2662 4183 miser
2702 4128 2949 4182 invenire
2998 4127 3196 4196 poterit
3262 4126 3415 4182 inani

1838 4228 1894 4275 et
1955 4224 2125 4274 tardae
2203 4228 2412 4286 natura:
2481 4218 3020 4273 accommodatum?
3083 4233 3193 4272 non
3266 4219 3414 4273 enim

151 4312 416 4380 ἁρμόδιον
445 4312 637 4380 ὄνομα,
668 4312 751 4363 ὅτι
790 4311 865 4380 μὴ
894 4290 1209 4379 σκινδαψὸς,
1240 4312 1272 4382 ἢ
1304 4310 1673 4381 τραγέλαφος,
1711 4318 1733 4389 ἦ

1840 4327 2037 4365 nomen
2073 4290 2425 4380 scindapsus,
2453 4310 2943 4380 auttragelaphus,
2989 4318 3083 4365 aut
3126 4309 3275 4365 aliud
3310 4310 3416 4365 hu-

150 4402 289 4455 ἇλλο
318 4419 372 4454 τι
395 4402 504 4455 τῶν
529 4400 784 4455 τοιούτων
814 4417 827 4465 ;

231 4492 401 4545 Τοῦτο
429 4492 485 4545 δὲ
515 4492 751 4558 μάλιστα
777 4490 859 4543 δεῖ
904 4508 1195 4559 γινωσκειν
1222 4491 1387 4562 ὑμᾶς,
1418 4485 1463 4545 ὦ
1505 4491 1739 4560 φιλομα-

154 4586 439 4643 θέστατοι,
472 4584 548 4647 ὡς
595 4585 758 4655 ⁴ἡμεῖς
790 4585 839 4636 οἱ
879 4582 1157 4654 όρθόδοξοι
1206 4584 1297 4635 τὸν
1327 4583 1567 4655 Χριστὸν
1598 4580 1740 4637 εἶναι

156 4676 296 4747 μίαν
329 4674 585 4727 σύνθετον
611 4674 913 4727 ὑπόστασιν
945 4673 1218 4742 λέγοντες,
1243 4674 1340 4745 οὑχ
1367 4675 1561 4746 ἑτέραν
1591 4675 1743 4743 παρὰ

148 4768 262 4839 τὴν
308 4766 401 4820 τοῦ
450 4766 621 4820 ἀϊδίου
672 4766 800 4819 Υἰοῦ
838 4766 1073 4836 νοοῦμεν
1113 4767 1431 4831 ὑπόστασιν,
1472 4768 1575 4835 τὴν
1610 4766 1743 4836 pinv

150 4856 329 4912 οὖσαν
391 4857 491 4929 τῆς
539 4858 801 4928 Τριάδοςο
838 4859 898 4911 οὑ
953 4858 1063 4929 γὰρ
1119 4861 1305 4929 κοινήν
1359 4876 1481 4914 τινα
1526 4876 1743 4912 συνεισ-

153 4955 354 5025 φέρειν
407 4954 732 5023 ἀνεχόμεθα,
767 4954 840 5023 μὴ
867 4954 1121 5022 γένοιτοι
1171 4955 1309 5008 Ἀλλ’
1340 4950 1433 5008 οὖν
1489 4956 1518 5009 ὁ
1545 4955 1745 5026 τρόπος

156 5050 552 5118 σαφηνιζέσθω
580 5050 681 5119 τῆς
711 5050 1085 5121 ὑποπατικῆς
1121 5050 1447 5115 συνθέσεως.
1480 5050 1744 5106 Σόνθετον

151 5143 231 5211 δὴ
268 5140 431 5211 διχῶς
465 5135 734 5212 εἶναιτὴν
780 5140 877 5194 τοῦ
921 5142 1095 5195 ἀϊδίου
1140 5142 1268 5195 Υἱοῦ
1318 5143 1552 5214 λέγομεν
1608 5144 1745 5197 ὑπό-

157 5250 378 5289 στασιν.
428 5233 660 5301 Λέγεται
715 5234 825 5303 γὰρ
896 5233 1151 5298 σύνθετος
1205 5236 1271 5287 ἐκ
1336 5235 1594 5307 θεότητος
1649 5235 1747 5289 καὶ

157 5322 628 5394 ἀνθρωπότητος·
690 5323 912 5390 λέγεται
967 5325 1130 5379 πάλιν
1190 5326 1483 5393 σύνθετος,
1544 5327 1622 5391 ὡς
1681 5328 1747 5381 ἐκ

159 5416 351 5487 ψυχῆς
380 5417 472 5468 καὶ
495 5413 751 5484 σώματος
801 5415 912 5468 τῶν
947 5415 1256 5487 ἀνθρώπων
1293 5417 1547 5482 ἕκαστος.
1587 5419 1748 5472 Ἀλλά

162 5509 241 5560 ἐκ
274 5504 527 5574 θεότητος
578 5504 672 5557 καὶ
719 5504 1143 5575 ἀνθρωπότητος
1170 5505 1231 5559 οὑ
1280 5506 1497 5575 λέγεται
1542 5508 1748 5579 Κύριος

166 5597 453 5663 σύνθετος,
488 5598 871 5668 μεταφορικῶς
904 5597 987 5651 δέ’
1016 5600 1123 5652 πᾶν
1156 5599 1265 5670 γὰρ
1314 5601 1522 5671 κυρίως
1554 5601 1746 5654 σύνθε-

163 5708 271 5744 τον
323 5688 403 5755 ὃν,
469 5689 570 5742 οὑκ
611 5684 680 5758 ἦν
731 5690 1083 5744 παντάπασιν
1132 5692 1263 5762 πρὶν
1316 5692 1349 5762 ἢ
1408 5692 1748 5763 συναφθῆναι

162 5783 238 5847 ἐξ
273 5777 345 5836 ὧν
378 5780 731 5837 συντέθειται.
767 5782 871 5837 Τὸν
903 5781 961 5837 δὲ
992 5784 1231 5855 Χριστὸν
1259 5783 1319 5837 οὑ
1350 5802 1534 5855 φαμεν
1558 5785 1749 5848 ἁπλῶς

166 5877 257 5951 μὴ
288 5870 423 5931 εἶναι
458 5873 736 5941 παντελῶς
760 5875 865 5948 πρὸ
893 5875 993 5949 τῆς
1024 5875 1242 5931 συνόδου
1265 5877 1363 5948 τῆς
1388 5877 1641 5950 θεότητός
1681 5894 1737 5932 τε

1770 4416 1816 4471 ι)
1841 4402 2107 4470 jusmodi.

1917 4493 2029 4547 Hoc
2056 4501 2237 4549 autem
2271 4494 2507 4547 maxime
2529 4491 2924 4546 advertendum
2954 4491 3135 4557 vobis,
3173 4490 3267 4561 qui
3299 4497 3420 4547 stu-

1844 4587 1936 4641 dio
1966 4586 2210 4641 discendi
2262 4584 2547 4647 tenemini,
2597 4584 2743 4651 quod
2802 4597 2905 4638 nos
2953 4582 3265 4648 orthodoxi,
3292 4597 3418 4638 eum

1843 4678 2128 4733 Christum
2157 4692 2323 4731 unam
2342 4675 2697 4748 ‘hypostasim
2726 4673 3091 4743 compositam
3123 4689 3247 4730 esse
3276 4674 3425 4732 dici-

1846 4786 1990 4834 mus,
2043 4784 2152 4824 non
2207 4769 2372 4823 aliam
2434 4766 2795 4840 hypostasim,
2853 4781 3020 4836 quam
3076 4766 3422 4838 hypostasim

1845 4860 2036 4915 aeterni
2067 4858 2191 4915 Filii
2221 4859 2600 4930 intelligimus,
2639 4874 2763 4928 qua:
2801 4872 2910 4912 una
2948 4867 3032 4912 est
3079 4857 3371 4914 Trinitatis
3402 4876 3423 4926 ;

1846 4969 1957 5007 non
2014 4953 2161 5008 enim
2212 4953 2456 5021 patimur
2501 4952 2743 5022 aliquam
2799 4964 3147 5005 communem
3208 4950 3424 5014 induci,

1848 5044 1993 5101 absit
2021 5046 2034 5098 ι
2075 5042 2183 5099 Sed
2216 5043 2565 5099 declaremus
2619 5041 2842 5098 modum
2873 5042 3238 5113 hypostaticae
3270 5057 3426 5097 com-

1848 5138 2162 5209 positionis.
2215 5138 2595 5207 Compositam
2660 5136 2887 5206 quidem
2944 5135 3243 5207 dupliciter
3300 5151 3427 5191 esse

1848 5231 2036 5288 salerni
2063 5230 2185 5285 Filii
2215 5230 2308 5285 Dei
2357 5230 2699 5302 hypostasim
2728 5232 2990 5287 dicimus.
3023 5230 3233 5284 Dicitur
3279 5229 3425 5284 enim

1850 5325 2158 5394 composita
2207 5338 2276 5377 ex
2303 5322 2595 5378 divinitate
2624 5330 2679 5377 et
2715 5324 3055 5378 humanitate
3092 5340 3106 5376 :
3140 5330 3192 5375 et
3222 5322 3428 5376 dicitur

1850 5432 2046 5472 rursus
2068 5416 2375 5485 composita
2400 5429 2465 5469 ex
2496 5415 2679 5469 anima
2712 5425 2767 5469 et
2797 5428 3050 5485 corpore,
3086 5414 3231 5467 sicut
3262 5426 3430 5466 unus-

1849 5508 2087 5580 quisque
2132 5507 2315 5561 homo.
2367 5504 2474 5561 Sed
2506 5521 2573 5560 ex
2600 5507 2803 5561 deitate
2840 5514 2894 5561 et
2926 5508 3270 5561 humanitate
3318 5516 3429 5558 non

1851 5601 2054 5656 dicitur
2080 5599 2298 5670 proprie
2340 5600 2646 5669 composita
2669 5638 2684 5663 ,
2738 5600 2833 5655 sed
2883 5598 3277 5669 metaphorice,
3311 5598 3431 5652 sive

1852 5695 2136 5750 translate.
2171 5698 2347 5746 Umne
2388 5690 2536 5745 enim
2591 5692 2737 5761 quod
2795 5693 3016 5761 proprie
3058 5689 3427 5760 compositum

1857 5795 1964 5847 est,
1999 5800 2107 5840 non
2159 5791 2279 5839 erat
2306 5784 2457 5853 prius
2485 5797 2649 5853 quam
2702 5783 2957 5854 cepulata
2990 5789 3177 5837 essent
3218 5798 3306 5845 ea,
3360 5796 3425 5835 ex

1848 5877 2045 5949 quibus
2075 5876 2441 5948 compositum
2462 5881 2568 5933 est.
2599 5874 2883 5932 Christum
2910 5889 3038 5931 vero
3058 5890 3169 5930 non
3195 5872 3428 5930 dicimus
