4086 6454
65 391 224 459 1493
1513 391 1685 452 ΟΡΗΞ

1780 392 1806 452 J
1813 395 1900 453 LA
1915 441 1927 454 .
3211 380 3231 442 1
3246 377 3347 440 £94

145 508 217 554 1..
264 498 446 560 Ἅπας
471 498 700 570 αριθμδς
730 500 1161 572 προσδεχόμενος
1189 505 1544 574 προσθήκην,
1572 504 1666 555 καὶ

1841 503 1904 557 Α.
1949 503 2145 559 Omnis
2200 519 2470 559 numerus
2539 498 2634 570 qui
2681 496 2881 567 recipit
2939 494 3341 560 accessionem,

65 593 266 660 πέρας
313 590 646 661 ἐπιδέχεται.
698 592 756 646 ’0
813 589 907 646 οὖν
950 593 1059 646 τῶν
1089 594 1392 664 ἀνθρώπων
1429 593 1663 664 ἀριθμὸς

1780 597 1934 652 linem
1982 613 2208 669 quoque
2256 597 2478 667 recipit.
2524 593 2801 649 Numerus
2853 591 3021 662 igitur
3056 588 3342 643 hominum

65 684 476 753 ἐπιδεχόμενος
528 682 871 753 προσθήκην,
929 687 1348 756 πεπερασμένος
1404 687 1581 748 ἐστὶν,
1613 687 1663 738 εἰ

1780 688 2145 741 accessionem
2179 687 2476 756 recipiens,
2511 684 2699 738 ﬁnitus
2748 690 2833 737 est
2863 719 2879 744 ,
2930 669 3201 750 quamvis
3241 691 3345 730 nos

68 778 177 830 καὶ
222 779 392 846 ἡμεῖς
436 776 738 847 ἀγνοοῦμεν
770 777 869 848 τὴν
901 779 1197 850 ποσότητα,
1221 780 1337 833 ἀλλ’
1371 779 1665 851 ὑποθὼμε-

1780 787 2008 849 quantus
2064 781 2134 835 sit
2175 781 2514 850 ignoremus,
2558 773 2656 830 sed
2705 787 3000 843 ponamus,
3049 769 3344 824 brevitatis

69 867 146 919 θα
208 867 513 935 συντομίας
558 870 652 922 καὶ
711 871 1011 940 σαφηνείας
1070 867 1473 938 ἓνεκεν,εἷναι
1538 875 1668 936 τοὺς

1780 881 1822 926 et
1855 872 2246 926 declarationis
2278 870 2451 938 gratia
2473 909 2487 933 ,
2528 881 2722 922 omnes
2752 864 3003 918 homines
3053 877 3176 917 esse
3209 876 3344 914 cen-

70 957 308 1021 πάντας
350 959 673 1029 ἀνθρώπους
711 961 926 1016 ἐκατόν.
991 961 1280 1015 Ἀδύνατον
1338 962 1394 1014 δέ
1444 962 1668 1022 τούτους

1780 971 1912 1016 mm.
1942 961 2085 1017 Fieri
2122 952 2228 1016 non
2249 970 2426 1041 potest
2451 968 2510 1014 ut
2553 958 2606 1012 hi
2655 953 2907 1011 homines
2927 952 3342 1022 fuerintgeniti.

74 1049 345 1111 ἅπαντας
376 1051 672 1118 γεννητοὺς
701 1052 999 1121 ὑπάρχειν·
1043 1051 1104 1116 ἐξ
1134 1053 1380 1122 ἀλλήλων
1429 1053 1527 1123 μὲν
1560 1051 1670 1122 γὰρ

1780 1054 1875 1107 Alii
1912 1055 2136 1124 quidem
2163 1068 2226 1108 ex
2252 1033 2376 1106 aliis
2401 1060 2583 1106 ortum
2607 1049 2840 1110 ducunt,
2868 1045 2966 1100 sed
2995 1059 3148 1098 mens
3180 1041 3347 1095 ratio-

73 1137 570 1204 γενεαλογοῦνται’
608 1139 743 1192 ἀλλὰ
769 1140 1109 1204 ἀναποδίζων
1139 1144 1166 1195 ὁ
1197 1143 1318 1204 νοῦς
1346 1143 1446 1213 τὴν
1477 1161 1671 1211 γενεα-

1780 1162 1898 1200 nem
1956 1156 2111 1201 ortus
2159 1153 2213 1198 et
2257 1145 2491 1213 originis
2533 1155 2754 1197 sursum
2787 1152 3071 1202 revocans,
3123 1135 3348 1190 omnino

73 1229 286 1295 λογίαν
312 1230 406 1281 ἐπὶ
451 1231 520 1282 τὰ
555 1232 687 1296 ἄνω,
726 1234 806 1295 είς
850 1233 946 1285 ἕνα
988 1235 1478 1302 καταντῷπάντως
1511 1233 1673 1301 ἀγέν-

1780 1238 1843 1293 ad
1877 1254 2046 1292 unum
2087 1252 2191 1290 non
2249 1234 2488 1305 genitam
2542 1233 2744 1288 evadit.
2780 1231 2916 1286 Cum
2954 1229 3100 1283 enim
3141 1229 3204 1279 ad
3236 1225 3349 1305 pri-

76 1335 279 1388 νητον.
323 1320 397 1371 Οὐ
435 1323 542 1389 γὰρ
575 1321 851 1400 ἐνδέχεται
898 1324 990 1375 ἐπὶ
1022 1323 1114 1376 τὸν
1153 1325 1370 1395 πρῶτον
1418 1325 1673 1388 ἐλθόντας

1780 1343 1925 1381 mum
1959 1326 2260 1400 devenerit,
2296 1339 2403 1376 non
2435 1330 2612 1391 potest
2654 1321 2837 1374 dicere
2877 1333 2943 1374 ex
3003 1317 3112 1370 alio
3166 1324 3348 1368 ortum

78 1410 293 1474 εἰπεῖν,
329 1412 490 1463 αὑτὸν
516 1412 572 1478 ἐξ
624 1414 783 1467 ἄλλου
824 1416 1220 1485 γεγεννῆσθαιο
1263 1417 1385 1469 ἐπεὶ
1419 1418 1672 1479 κάκεῖνος

1780 1431 1921 1481 esse,
1953 1398 2089 1484 quia
2134 1411 2186 1468 et
2254 1413 2346 1466 ille
2398 1412 2538 1465 alius
2585 1426 2653 1465 ex
2709 1409 2818 1462 alio
2874 1408 3005 1461 item
3052 1416 3350 1476 generatus

79 1501 144 1566 ἐξ
200 1501 395 1572 ἐτέρου
445 1506 848 1585 γεγεμνημένος
874 1506 937 1559 ἂν
972 1509 1082 1578 εἴη,
1115 1509 1308 1577 μέχρις
1346 1509 1410 1570 ἂν
1444 1509 1536 1561 ἐπὶ
1583 1509 1672 1561 τὸν

1780 1514 1945 1570 esset,
1978 1505 2155 1559 donec
2184 1505 2236 1558 in
2269 1503 2448 1572 primo
2472 1516 2626 1556 mens
2653 1500 2927 1556 consistat
2960 1496 3087 1551 lixa.
3115 1494 3352 1550 Necesse

81 1592 318 1661 πρῶτον
381 1594 676 1664 ἀγέννητον
708 1599 797 1650 τὸν
830 1599 957 1652 νοῦν
1003 1601 1396 1670 ἐπερείσωμεν.
1433 1602 1671 1672 Ἀνάγκη

1780 1601 1945 1670 igitur
1973 1608 2057 1653 est
2088 1607 2142 1652 et
2192 1605 2339 1651 terra
2371 1607 2557 1650 natum
2609 1609 2733 1649 esse
2785 1593 2932 1645 hunc
2967 1590 3144 1644 instar
3188 1587 3351 1640 arbo-

79 1686 280 1738 τοίνυν
309 1686 517 1753 τοῦτον,
542 1689 573 1758 ἢ
604 1691 666 1741 ἐκ
698 1693 797 1761 τῆς
826 1693 929 1762 γῆς
963 1692 1146 1761 φῦναι,
1172 1693 1424 1765 καθάπερ
1449 1694 1516 1756 τὰ
1543 1693 1673 1764 βλα-

1781 1707 1927 1755 rum,
1971 1698 2066 1745 aut
2125 1697 2392 1742 aeternum
2427 1701 2568 1751 esse,
2625 1691 2718 1739 aut
2761 1683 2830 1737 ah
2880 1681 3064 1750 aliquo
3106 1678 3354 1734 creator‘e

86 1779 194 1846 στή
208 1795 360 1846 ματα
381 1779 445 1849 ,ἢ
478 1780 648 1833 ἀΐδιον
675 1778 887 1855 εἷναι,ἢ
915 1785 1018 1837 ὑπό
1041 1803 1184 1845 τινος
1203 1787 1545 1858 δημιουργοῦ
1575 1805 1672 1840 πε-

89 1869 388 1938 ποιῆσθαι.
427 1871 565 1923 Ἀλλ’
599 1874 645 1925 εἰ
676 1874 777 1942 μὲν
808 1877 870 1927 ἐκ
902 1877 1000 1945 τῆς
1030 1877 1124 1945 γῆς
1162 1877 1553 1948 ἐϐεϐλαστήκει
1582 1881 1676 1932 καὶ
1707 1859 1748 1914 Β

90 1962 178 2022 εἰς
228 1960 314 2014 ἔτι
355 1961 421 2015 ἂν
472 1963 600 2034 ἄχρι
632 1965 725 2017 τοῦ
760 1969 1025 2037 παρόντος
1057 1969 1278 2039 ἐτέρους
1319 1971 1673 2037 ἐϐλάστανεν,

91 2050 289 2122 ὥσπερ
319 2055 548 2107 καὶτῶν
587 2057 820 2128 δένδρων
853 2059 948 2111 καὶ
979 2059 1219 2129 βοτανῶν
1249 2063 1386 2133 εἴδη.
1456 2064 1676 2135 Ἐπειδὴ

91 2143 154 2195 δὲ
196 2145 299 2214 οὑχ
342 2146 558 2214 ὁρῶμεν
585 2149 742 2202 τοῦτο
771 2151 1076 2220 γινόμενον,
1109 2153 1266 2222 δῆλον
1297 2155 1378 2206 ὅτι
1409 2155 1532 2207 οὑδέ
1581 2157 1673 2209 τὸν

96 2236 326 2306 πρῶτον
376 2238 729 2308 ἐϐλάστησεν.
760 2243 895 2294 osse
956 2245 1064 2312 μὴν
1124 2246 1294 2308 ἀΐδιος
1349 2242 1439 2317 ἦν.
1478 2247 1538 2300 Ei
1571 2249 1678 2316 γὰρ

97 2330 343 2400 ἄναρχος
400 2332 494 2384 καὶ
550 2334 719 2395 ἀΐδιος
782 2335 1046 2405 ὑπῆρχεν,
1099 2339 1200 2390 οὑκ
1249 2338 1314 2390 ἂν
1375 2339 1676 2409 ἐτεθνήκει,

97 2421 213 2472 οὐδ’
242 2420 310 2473 ἂν
357 2422 625 2478 ἀπώλετο.
662 2426 735 2488 Τὸ
782 2427 888 2497 γὰρ
944 2429 1201 2498 ἄναρχον,
1235 2430 1331 2483 καὶ
1369 2431 1680 2502 ’ἀτελεύτη-

98 2529 216 2565 τον.
251 2514 511 2568 Λείπεται
540 2518 828 2588 τοιγαροῦν
865 2519 1024 2572 αὑτὸν
1068 2522 1398 2591 πεποιῆσθαι
1428 2525 1491 2587 ¹¹,
1523 2525 1582 2577 τὸ
1624 2525 1682 2579 δὲ

103 2608 481 2676 πεποιημένον
508 2609 620 2678 ἔχει
653 2613 900 2683 ποιητήν.
929 2616 1071 2683 Ἀρα
1092 2615 1202 2668 τῶν
1230 2615 1528 2686 ἀνθρώπων
1561 2617 1682 2670 ἐστὶ

103 2697 352 2764 Κτίστης
375 2715 433 2750 τε
469 2700 562 2750 καὶ
595 2702 846 2771 ποιητής.
1291 2693 1295 2698 ’

176 2786 347 2855 Δέχου
375 2787 432 2840 δὲ
460 2789 550 2841 καὶ
582 2790 745 2859 ἄλλην
769 2793 1041 2858 ἀπόδειξιν
1069 2795 1147 2855 είς
1180 2794 1508 2862 θεογνωσίαν
1551 2795 1676 2848 καθ-

104 2875 433 2944 οδηγοῦσαν.
461 2879 596 2932 Εἰπέ
633 2899 746 2949 μοι,
775 2883 820 2934 εί
856 2883 1024 2950 βῶλον
1050 2886 1109 2935 ἐκ
1127 2885 1225 2953 τῆς
1250 2889 1351 2954 γῆς
1387 2886 1567 2939 λαϐὼν
1598 2889 1682 2957 ἐφ’

105 2969 313 3038 ὑψηλὸν
403 2971 669 3042 ἁναϐαίην
774 2974 1083 3044 δωμάτιον,
1159 2979 1415 3030 κάκεῖθεν
1496 2979 1684 3033 τοῦτον

106 3062 326 3129 ἀφείην,
356 3062 475 3131 οὑχὶ
505 3064 664 3131 φύσει
715 3069 1038 3138 κατωφερὴς
1068 3067 1163 3132 ὢν,
1197 3070 1289 3120 ἐπὶ
1313 3071 1378 3120 τὰ
1416 3071 1564 3124 κόιτὼ
1607 3072 1684 3124 δι⁹

104 3153 322 3217 ηνεκῶς
374 3154 619 3222 φέρεται,
672 3157 864 3229 μέχρις
925 3158 989 3212 ἂν
1053 3161 1143 3213 ἐπὶ
1193 3160 1553 3232 στερεώτερον
1593 3163 1683 3214 καὶ

105 3243 365 3311 ἀκίνητον
397 3245 617 3316 ἐρεισθῇ
644 3264 660 3313 ;

181 3332 244 3387 Β.
268 3335 396 3388 Ναί.

173 3427 242 3479 ‘A.
275 3426 461 3492 Οὕτως
519 3431 611 3482 καὶ
646 3433 678 3502 ἡ
713 3433 808 3502 γῆ·
870 3434 932 3487 ἐκ
956 3434 1064 3506 γὰρ
1120 3436 1210 3489 τοῦ
1243 3438 1440 3506 μέρους
1480 3441 1538 3493 τὸ
1576 3444 1684 3496 πᾶν

111 3521 609 3590 καταῖαμδανεται.
657 3525 719 3577 Εἰ
757 3527 832 3596 μὴ
888 3529 995 3598 γὰρ
1034 3529 1278 3582 κάτωθεν
1309 3527 1454 3601 εἶχέν
1483 3551 1532 3586 τι
1561 3552 1684 3587 στε-

115 3609 382 3682 ρεώτερον
418 3615 699 3681 ὑπερεῖδον
727 3618 920 3688 αὑτὴν,
962 3621 1062 3673 οὑκ
1100 3621 1165 3675 ἂν
1189 3621 1377 3690 ἔληξεν
1400 3625 1550 3678 κάτω
1587 3644 1684 3695 φε-

117 3704 333 3771 ρομένη.
393 3705 506 3757 Νῦν
562 3707 616 3760 δὲ
652 3709 855 3778 ταύτην
877 3710 1095 3781 ὁρῶμεν
1145 3714 1462 3769 ἀσάλευτον.
1499 3717 1685 3771 Ἔστιν

115 3792 223 3862 ἄρα
253 3792 482 3863 δύναμίς
511 3813 594 3859 τις
649 3798 971 3868 ἰσχυροτέρα
1009 3803 1040 3871 ή
1072 3802 1275 3871 ταύτην
1325 3803 1685 3873 ὑπερείδουσα

117 3886 210 3937 καὶ
266 3885 628 3955 βαστάζουσα,
689 3890 811 3959 ἥτις
859 3893 1064 3946 ἐστὶν-ὀ
1092 3894 1185 3946 τοῦ
1224 3895 1360 3949 Θεοῦ
1395 3897 1587 3964 Λόγος.
1623 3899 1684 3951 ΕΞ

114 3977 226 4046 γὰρ
257 3978 442 4048 ἕτερον
473 3980 687 4032 ὑπεῖναι
719 3981 879 4050 σῶμα
919 3983 1051 4053 φαίη
1079 4001 1158 4047 τις
1188 3987 1467 4057 ὑπερεῖδον
1495 3989 1685 4059 αὑτὴν,

113 4069 169 4121 τί
210 4069 268 4121 τὸ
329 4073 551 4124 κάκεῖνο
601 4072 911 4142 βαστάζονς
949 4076 1042 4127 καὶ
1079 4076 1221 4130 οὑτω
1269 4078 1550 4132 διατείνων
1585 4083 1686 4152 τὴν

118 4159 344 4229 ἔρευναν
392 4163 419 4213 ό
483 4161 767 4232 λογισμὸς,
818 4164 877 4216 οὑ
940 4164 1173 4219 παύεται
1213 4167 1370 4238 ἄχρις
1416 4169 1480 4222 ἂν
1515 4172 1606 4223 ἐπί
1634 4191 1686 4225 τι

117 4250 292 4318 πέρας
347 4254 445 4320 στῇ
528 4251 966 4323 βασταζομένων.
1027 4259 1100 4310 υὺ
1171 4260 1279 4328 γὰρ
1339 4261 1404 4312 ἂν
1461 4263 1687 4333 ἄπειρος

120 4342 358 4395 κάτωθεν
397 4344 505 4413 εἴη,
539 4345 745 4398 ἀνωθεν
785 4350 1190 4419 περατουμένη.
1233 4351 1304 4402 Τὸ
1342 4352 1450 4421 γὰρ
1491 4353 1547 4417 ἐξ
1571 4356 1686 4417 ἐνὸς

124 4433 316 4504 μέρους
346 4438 827 4505 πεπερατωμένον,
877 4440 970 4492 καὶ
1007 4442 1070 4492 ἐκ
1107 4441 1198 4492 τοῦ
1229 4441 1387 4495 ἄλλου
1415 4443 1572 4513 δῆλον
1606 4446 1686 4498 ὅτι

122 4523 290 4591 πέρας
347 4522 477 4587 ἕξει.

122 4615 271 4667 τοῦδε
298 4617 388 4668 τοῦ
446 4617 644 4686 μέρους
684 4618 783 4685 τῆς
835 4621 958 4689 γῆς,
1012 4621 1119 4683 ἕως
1162 4622 1253 4674 τοῦ
1289 4624 1472 4695 ἐτέρου
1503 4626 1688 4695 διῆκον

128 4706 343 4776 μέρους.
379 4710 775 4778 ἐπιλαϐόμενος
804 4711 860 4762 δὲ
915 4711 1008 4763 τοῦ
1055 4715 1476 4784 ἐπιφαινομένου
1519 4717 1688 4784 ἄκρου

123 4799 220 4852 τοῦ
245 4803 523 4872 σπαρτίου,
579 4803 866 4868 ἐξείλκυσα
913 4805 1026 4870 δύο,
1056 4806 1088 4874 ἦ
1119 4811 1266 4875 τρεῖς
1307 4810 1520 4878 πήχεις,
1571 4811 1690 4879 οὐχ).

126 4892 224 4944 καὶ
248 4893 306 4944 ἐκ
336 4893 424 4945 τοῦ
459 4894 645 4963 ἐτέρου
679 4897 912 4962 ἀφανοῦς
954 4897 1172 4966 μέρους,
1195 4900 1407 4970 ἀνάγκη
1434 4904 1687 4954 ἀποσπα-

130 4983 319 5052 σθῆναι
353 4987 410 5037 το
442 4986 611 5056 ἄκρον
644 4986 735 5038 τοῦ
764 4988 1046 5055 σπαρτίου,
1093 4988 1446 5059 ἐξελκόμενον
1495 4993 1588 5044 ἐπὶ
1621 4993 1687 5044 τὰ

129 5078 240 5129 ἄνω
266 5077 533 5140 τοσοῦτον,
567 5078 796 5130 καθόσον
828 5080 1115 5145 ἐξείλκυσα
1148 5082 1374 5151 μέτρονς
1403 5083 1683 5136 Ἐντεῦθεν

131 5167 243 5219 ἐστι
300 5167 477 5236 σαφῶς
535 5169 729 5222 εἰδέναι
762 5170 857 5240 τὴν
892 5171 995 5240 γῆν
1025 5171 1085 5224 τὸ
1109 5173 1278 5241 πέρας
1311 5173 1454 5243 ἔχειν
1505 5176 1685 5227 κάτω-

133 5259 243 5310 θεν.
291 5259 452 5312 Ὥστε
502 5261 568 5312 ὲκ
594 5262 799 5315 τούτων
835 5262 1232 5326 ἀποδέδεικται,
1267 5265 1348 5317 ὅτι
1383 5265 1489 5317 τῶν
1521 5266 1687 5321 ὄντων

135 5350 247 5404 ἐστὶ
276 5353 517 5421 ποιητής.

1783 1784 1986 1838 factum
2043 1797 2184 1838 esse.
2230 1779 2334 1834 Sed
2380 1780 2424 1834 si
2468 1795 2498 1834 e
2541 1786 2684 1833 terra
2721 1784 2878 1830 ortus
2916 1774 3132 1836 fuisset,
3174 1772 3354 1825 adhuc

1779 1892 1951 1946 usque
1984 1877 2035 1928 in
2074 1873 2396 1927 hodiernum
2455 1871 2597 1926 diem
2657 1860 2794 1922 alios
2834 1877 2979 1922 terra
3013 1871 3350 1936 procrearet,

1778 1971 1921 2025 sicut
1953 1967 2010 2020 fit
2050 1967 2104 2020 in
2156 1979 2355 2034 genere
2389 1963 2651 2017 arborum
2696 1969 2751 2014 et
2785 1958 3100 2012 herbarum.
3132 1957 3200 2008 At
3220 1955 3352 2024 quia

1780 2061 1883 2114 hoc
1939 2057 2054 2112 fieri
2117 2071 2223 2110 non
2285 2055 2557 2116 videmus,
2624 2050 2977 2104 manifestum
3034 2055 3120 2102 est
3177 2059 3354 2112 neque

1780 2152 2013 2221 primum
2073 2162 2420 2218 procreasse.
2477 2144 2584 2198 Sed
2641 2157 2740 2198 nec
2795 2149 3031 2196 :eternus
3091 2146 3229 2193 erat.
3292 2135 3352 2191 Si

1779 2243 1921 2296 enim
1981 2241 2253 2310 principio
2286 2237 2582 2301 caruisset,
2606 2245 2866 2302 essetque
2896 2242 3157 2296 aeternus,
3211 2246 3354 2285 nun-

1779 2349 1942 2404 quam
1972 2339 2226 2386 mortuus
2263 2328 2480 2392 fuisset,
2508 2342 2684 2397 neque
2707 2325 3004 2380 interisset.
3030 2323 3184 2390 Quod
3204 2323 3350 2377 enim

1783 2425 2112 2496 principium
2167 2438 2275 2476 non
2329 2421 2514 2486 habet,
2554 2433 2731 2488 neque
2761 2418 2920 2471 finem
2953 2416 3137 2492 habet.
3169 2413 3354 2469 Belin-

1782 2518 1967 2588 quitur
1997 2515 2165 2585 igitur
2225 2523 2283 2567 ut
2315 2511 2494 2565 factus
2531 2509 2713 2564 fuerit.
2750 2508 2907 2574 Quod
2934 2515 3115 2561 autem
3145 2505 3352 2559 factum

1781 2620 1884 2672 est,
1916 2618 2191 2662 auctorem
2228 2605 2410 2659 habet.
2450 2604 2542 2657 ESt
2581 2603 2748 2672 igitur
2795 2601 3028 2657 Creator
3059 2609 3113 2655 et
3160 2608 3356 2653 auctor

1784 2701 2066 2756 hominum
2097 2697 2266 2752 Deus.

1856 2792 2056 2860 Accipe
2091 2790 2250 2842 aliam
2283 2787 2833 2850 demonstrationem,
2855 2800 2977 2856 qua!
3000 2784 3064 2838 ad
3089 2784 3356 2854 cognitio-

1783 2899 1912 2938 nem
1935 2881 2025 2935 Dei
2061 2880 2304 2935 deducit.
2337 2877 2434 2932 Dic
2469 2879 2620 2942 mihi,
2655 2879 2700 2934 si
2728 2878 2941 2947 glebam
2978 2893 3008 2930 ο
3039 2887 3181 2930 terra
3211 2877 3356 2930 acci-

1784 2987 1992 3045 perem,
2022 2979 2075 3024 et
2098 2971 2152 3024 in
2174 2971 2345 3023 altum
2371 2975 2572 3023 tectum
2601 2966 2975 3028 aScenderem,
2999 2975 3053 3019 et
3073 2964 3196 3019 inde
3217 2964 3356 3018 hanc

1785 3065 2140 3127 dimitterem,
2188 3077 2258 3114 an
2289 3075 2398 3114 non
2433 3059 2626 3113 nafur'a
2657 3067 2920 3129 perpetuo
2949 3057 3202 3111 deorsum
3247 3053 3356 3108 fer-

1787 3154 1959 3218 ret‘ur,
1982 3167 2279 3224 quousque
2339 3151 2392 3205 in
2426 3150 2730 3205 inﬁrmiore
2761 3150 3018 3220 quopiam
3067 3159 3121 3204 et
3158 3149 3356 3204 immo—

1787 3249 1881 3302 bili
1917 3245 2262 3300 firmaretur?

1855 3338 1913 3391 Β.
1957 3336 2210 3389 Maxime.

1854 3431 1918 3484 Α.
1949 3427 2111 3499 365
2150 3427 2240 3482 Sic
2273 3429 2435 3483 etiam
2471 3436 2650 3494 terra;
2695 3443 2759 3482 ex
2817 3435 2979 3496 parte
3005 3428 3152 3482 enim
3193 3426 3355 3483 intel-

1747 3520 1971 3592 'ligitur
2023 3529 2222 3574 totum.
2259 3519 2375 3575 Nisi
2413 3521 2560 3574 enim
2605 3520 2832 3575 haberet
2869 3521 3080 3590 aliquid
3117 3520 3352 3584 firmius,

1737 3612 1934 3683 ‘quod
1994 3613 2167 3687 ipsam
2217 3610 2461 3678 fulciret,
2532 3627 2812 3680 nunquam
2883 3612 3162 3667 desineret
3225 3613 3354 3666 ferri

1784 3703 2062 3758 deorsum.
2112 3701 2271 3757 Nunc
2321 3710 2502 3758 autem
2551 3703 2805 3758 videmus
2846 3704 2990 3758 hanc
3047 3705 3351 3758 immotam.

1786 3795 1881 3849 Est
1922 3795 2092 3865 igitur
2140 3797 2221 3851 vis
2266 3796 2450 3865 aliqua
2490 3796 2710 3859 fortior,
2749 3784 2873 3865 quae
2905 3796 3055 3850 hanc
3115 3797 3355 3850 sustinet

1784 3895 1836 3940 et
1883 3896 2092 3956 portat,
2145 3900 2264 3956 qua
2321 3892 2407 3940 est
2461 3886 2700 3940 Verbum
2746 3885 2862 3940 Dei.
2896 3885 2953 3940 Si
3009 3885 3152 3940 enim
3199 3887 3353 3939 dicas

1786 3976 1936 4031 aliud
1977 3991 2179 4046 corpus
2231 3976 2484 4040 subesse,
2535 3968 2694 4046 quod
2737 3993 2854 4032 eam
2891 3979 3184 4041 sustineat,
3218 3976 3352 4043 qu‘d

1785 4069 1892 4122 erit
1918 4069 2064 4136 quod
2124 4067 2257 4121 illud
2300 4067 2474 4136 ipsum
2524 4083 2727 4137 corpus
2762 4077 2944 4137 portat
2973 4068 3040 4123 et'
3079 4069 3354 4123 sustinet?

1785 4170 1949 4230 atque
1993 4160 2068 4213 ita
2118 4160 2382 4228 cogitatio
2434 4161 2670 4214 scrutari
2711 4176 2970 4230 pergens,
3006 4176 3114 4214 non
3165 4175 3353 4216 cessa-

1786 4252 1865 4306 bit
1908 4265 2197 4321 quousque
2249 4251 2500 4318 quiescat
2537 4252 2589 4303 in
2627 4251 2812 4320 aliquo
2865 4251 3128 4314 termino,
3155 4259 3212 4303 et
3251 4265 3352 4304 cx-

1787 4354 1981 4414 trejno,
2012 4343 2159 4413 qttod
2194 4343 2522 4396 sustinetur.
2566 4340 2684 4394 Non
2721 4342 2868 4395 enim
2900 4349 2984 4396 est
3019 4341 3236 4396 inferne
3267 4343 3352 4396 in-

1790 4436 1999 4490 finitum
2025 4435 2171 4502 quod
2221 4441 2307 4488 est
2353 4447 2593 4502 superne
2619 4435 2992 4487 terminatum.
3020 4432 3174 4499 Quod
3206 4435 3352 4486 enim

533 4526 591 4577 Εἰ
633 4526 739 4594 γὰρ
772 4527 1032 4596 σπαρτίον
1065 4529 1182 4580 καθ’
1219 4531 1471 4584 ὑπόθεσιν
1502 4529 1568 4603 ἦν
1621 4536 1683 4588 ἐκ

1789 4539 1874 4588 est
1906 4547 1968 4586 ex
2005 4546 2111 4584 una
2174 4537 2328 4599 parte
2366 4529 2753 4593 terminatum,
2809 4527 2972 4581 etiam
3013 4542 3078 4580 ex
3111 4525 3216 4579 alia
3248 4533 3357 4578 ter-

1789 4623 1994 4674 minum
2048 4621 2289 4674 habebit.
2330 4618 2463 4671 Nam
2501 4619 2544 4671 si
2572 4619 2741 4679 funis,
2769 4624 2827 4669 ut
2866 4617 2936 4668 ita
2978 4629 3264 4684 ponamus,
3290 4630 3356 4668 ex

1787 4713 1888 4766 hac
1926 4719 2079 4779 parte
2121 4720 2280 4764 terra:
2313 4726 2486 4779 usque
2519 4710 2583 4763 ad
2618 4710 2849 4762 alteram
2888 4718 3097 4778 partem
3149 4708 3358 4776 pertin-

1787 4806 2021 4875 gat,ipse
2053 4819 2180 4856 vero
2215 4819 2482 4856 summam
2533 4811 2742 4871 partem
2782 4801 2960 4866 funis,
2990 4801 3081 4870 qui
3120 4799 3356 4861 videtur,

1787 4895 2214 4965 apprehendam,
2267 4903 2318 4947 ct
2373 4895 2591 4948 duobus
2635 4901 2729 4947 aut
2777 4893 2950 4947 tribus
2980 4893 3184 4947 cubitis
3233 4906 3358 4945 eum

1793 4990 2139 5059 protendam,
2195 5003 2376 5041 annon
2425 5003 2656 5042 necesse
2705 4989 2922 5049 eri.t,ex
2956 4986 3130 5040 altera
3181 4993 3359 5055 parte,

1786 5096 1906 5149 quae
1955 5097 2060 5134 non
2115 5089 2365 5149 apparet,
2402 5081 2561 5133 avelli
2615 5094 2886 5134 summam
2941 5090 3149 5148 partem
3214 5076 3360 5129 funis

1788 5180 1942 5224 tanto
1985 5172 2165 5236 spatio
2216 5187 2430 5224 sursum
2480 5179 2797 5230 attractam,
2857 5177 3068 5238 quanto
3093 5183 3162 5222 ex
3189 5167 3360 5219 altera

1791 5272 1944 5332 parte
1969 5263 2206 5315 attraxi?
2230 5261 2366 5315 llinc
2386 5263 2512 5316 licet
2550 5263 2843 5333 perspicue
2874 5273 3231 5329 cognoscere,
3262 5257 3361 5310 ha-

1700 5382 1711 5392 ι
1791 5355 1923 5407 bere
1980 5362 2178 5406 terram
2237 5356 2396 5408 linem
2451 5355 2688 5410 inferne.
2713 5355 2893 5420 Quare
2921 5368 2985 5408 ex
3020 5352 3106 5406 his
3137 5352 3364 5405 demon-

1794 5453 2024 5501 stratum
2073 5454 2154 5498 ρει
2207 5461 2331 5500 0850
2362 5445 2528 5501 Deum
2557 5446 2802 5501 omnium
2843 5459 3028 5501 rerum
3058 5450 3362 5498 auctorem.

1389 5647 1618 5704 YARIxE
1658 5649 2054 5707 LECTIONES.

213 5776 254 5810 “
278 5779 401 5834 αὐτὸ
433 5783 744 5856 πεποίηται.
