4086 6454
104 379 132 448 Ῑ
145 381 260 448 (9³1

1543 391 1958 453 OPUSCULA.

3239 405 3369 467 1498

98 495 490 567 δμοιώματος.
543 495 820 566 Πέμπτον,
863 501 927 552 ὲκ
963 499 1072 553 τῶν
1105 501 1361 556 ἔναντίων
1387 503 1456 556 τὰ
1490 504 1705 557 ὲναντία

1821 519 2105 576 cognosco,
2159 513 2342 559 utrum
2385 505 2474 560 ille
2507 504 2782 559 calvitiem
2819 505 3037 566 habent,
3070 518 3161 562 aut
3193 511 3257 563 sil
3296 515 3373 566 si-

99 589 456 655 γινώσκεται
485 588 764 650 πολλάκις.
790 588 884 651 ὡς,
911 591 997 642 ὅτε
1029 591 1103 660 τῷ
1134 592 1302 662 ’Δδάμ
1324 588 1518 646 εἶπενό
1544 594 1695 658 Θεὸς,

107 694 130 728 ε
169 668 254 746 Ἷλῐ
289 676 339 729 δ’
370 676 435 729 ἂν
462 677 641 747 ἡμέρᾳ
673 679 821 750 φάγῃ
854 680 959 732 άπὸ
982 682 1073 733 τοῦ
1103 681 1281 745 ξύλου,
1319 677 1537 753 θανάτῳ
1566 686 1700 736 ἀπο·-

105 764 282 833 θανῇ.
326 783 344 815 ι
376 764 546 816 Πόθεν
576 765 692 834 ᾔδει
725 768 753 818 ὁ
805 768 996 837 Ἀδάμ,
1026 769 1076 821 τί
1100 771 1214 822 ἐστι
1237 771 1488 836 θάνατος,
1529 774 1698 842 μηδέ·-

115 871 251 906 ποτε
279 855 446 906 αὺτὸν
481 857 771 925 cuipam-3;;
802 859 862 910 ού
893 860 1000 929 γὰρ
1026 862 1699 931 προεῖὖενὰποθνήσκοντὰ

114 959 265 1003 τινα,
293 947 344 997 εἰ
372 947 445 1014 μὴ
477 948 538 998 ἐκ
568 947 660 999 τοῦ
695 950 960 1013 ἐναντίου,
992 952 1160 1018 ἠγουν
1191 955 1254 1004 ὲκ
1295 953 1393 1021 τῆς
1425 954 1592 1021 ζωῆς.
1634 955 1700 1007 Ἢ

110 1040 230 1108 γὰρ
267 1041 525 1108 στέρησις
570 1043 668 1109 τῆς
726 1041 868 1111 ζωῆς
921 1044 1078 1111 δῆλον
1113 1047 1194 1096 ὅτι
1227 1045 1481 1106 θάνατος.
1517 1046 1703 1106 Οὕτως

112 1133 215 1182 καὶ
282 1133 311 1182 ό
374 1132 631 1197 πλούσιος
662 1133 757 1204 τὴν
806 1135 1018 1200 πενίαν,
1061 1136 1154 1188 καὶ
1183 1139 1208 1187 ὁ
1239 1137 1394 1206 ὑγιὴς
1421 1136 1519 1206 τὴν
1550 1137 1704 1188 νόσον

112 1222 442 1275 ἐπίσταται.

1807 613 1954 661 mus,
1982 605 2077 650 aut
2111 595 2509 661 naso‘adunco,
2537 597 2622 649 vel
2670 595 2880 656 magnis
2922 597 3118 652 oculis.
3159 613 3183 648 τι
3219 602 3372 655 simi-

1806 687 2038 740 litudine
2063 687 2115 739 in
2147 687 2372 754 speculo
2398 701 2679 755 expressa.
2709 687 2948 750 Quintus
2971 689 3162 741 modus
3209 705 3376 757 sarpe-

1807 792 2039 831 nutnero
2089 777 2374 830 contraria
2436 793 2501 830 ex
2575 779 2876 830 contrariis
2941 790 3372 844 cognoscuntur.

1805 875 1865 918 ut
1892 880 2014 917 eum
2059 864 2200 917 dixit
2233 864 2372 918 Deus
2424 866 2591 917 Adre:
2630 883 2647 914 ι
2703 866 3044 933 Quocunque
3073 867 3160 918 die
3214 885 3274 921 ex
3315 867 3378 919 li-

1809 971 1916 1024 gno
1975 956 2301 1014 comederis,
2361 964 2537 1008 morte
2593 957 2864 1008 morieris.
2908 977 2924 1004 ι
2989 955 3139 1008 Unde
3173 973 3376 1024 cogno-

1809 1047 1886 1099 vit
1946 1046 2112 1098 Adam
2172 1046 2301 1111 quid
2363 1055 2512 1100 esset
2553 1063 2722 1108 mors,
2776 1063 2899 1098 rum
2951 1064 3224 1115 nunquam
3261 1066 3376 1100 eam

1811 1135 2083 1187 vidisset?
2114 1149 2224 1186 non
2270 1135 2414 1186 enim
2465 1137 2622 1202 prius
2670 1136 2882 1188 viderat
2939 1138 3173 1205 aliquem
3234 1155 3382 1191 tuor-

1813 1234 1986 1277 tuum.
2033 1224 2306 1291 Cognovit
2355 1226 2571 1277 scilicet
2627 1241 2693 1277 ex
2737 1228 3040 1291 rnnlt‘al‘io,
3081 1227 3132 1280 id
3173 1237 3278 1290 est,
3316 1244 3380 1280 cx

111 1317 230 1367 vita
259 1334 272 1381 ;
314 1317 553 1385 privatio
581 1316 726 1370 enim
777 1317 899 1370 vitae
929 1333 1077 1372 mors
1108 1327 1217 1371 est.
1256 1317 1347 1372 Sic
1383 1317 1535 1372 dives
1564 1328 1939 1388 paupertatem
1975 1319 2288 1387 cognoscit,
2323 1329 2374 1371 et
2413 1334 2581 1374 sanus
2614 1321 2888 1374 morbum.

192 1407 363 1458 Κατὰ
390 1409 537 1457 ποῖον
567 1402 659 1458 οὖν
689 1406 798 1456 τῶν
836 1407 996 1458 πέντε
1037 1407 1253 1475 τρόπων
1284 1408 1487 1460 τούτων
1515 1410 1705 1459 ἑαυτὸν

115 1496 146 1545 ὁ
182 1497 322 1557 Θεὸς
358 1494 532 1558 οἷδενς
564 1497 622 1559 ἐξ
642 1497 806 1548 αὑτοῦ
847 1497 1133 1562 γινώσκειν
1155 1499 1346 1550 ἑαυτὸν
1375 1502 1434 1550 οὺ
1461 1499 1703 1552 δύναται.

117 1586 302 1638 Τοῦτο
330 1587 440 1655 γὰρ
472 1587 702 1650 δέδοται,
736 1587 892 1640 ἄλλον
923 1584 1061 1640 εἶναι
1097 1590 1186 1640 τὸν
1228 1589 1582 1656 γινώσκοντα,
1616 1592 1708 1642 καὶ

118 1677 257 1729 ἄλλο
312 1677 374 1728 τὸ
405 1677 828 1745 γινωσκόμενον,
860 1677 980 1728 οὐδὲ
1002 1679 1107 1746 μὴν
1139 1678 1197 1742 ἐξ
1233 1681 1412 1748 ἴχνους
1437 1679 1601 1741 τινός.
1627 1679 1708 1730 Τὰ

119 1767 236 1835 γὰρ
261 1769 544 1836 ποιήματα
594 1767 772 1836 πολλῷ
823 1767 1053 1836 δεύτερα
1085 1771 1177 1820 καὶ
1225 1769 1540 1838 κατώτερα’
1591 1770 1706 1821 ἀλλ’

119 1855 250 1907 οὕτε
292 1857 360 1908 δι’
385 1857 674 1926 ἐσόπτρου,
697 1855 819 1907 οῦτε
848 1855 936 1908 διά
969 1873 1114 1919 τινος
1152 1857 1260 1909 τῶν
1286 1856 1567 1925 τεσσάρων
1597 1856 1714 1924 τρόο

121 1965 282 1999 πων·
322 1949 536 2015 ἀνάγκη
567 1948 748 1999 τοίνυν
784 1943 924 1999 εἷναί
957 1965 1080 2002 τινα
1112 1950 1249 2001 κατὰ
1298 1949 1474 2001 πάντα
1504 1948 1711 2017 ὅμοιον,

121 2042 300 2110 ἤγουν
334 2042 677 2107 ὀμοούσιον,
713 2042 805 2092 καὶ
842 2040 1111 2093 συναῖδιον
1135 2040 1211 2108 τῷ
1237 2039 1356 2108 Θεῷ
1385 2040 1441 2104 ὲξ
1468 2035 1529 2092 οὗ
1561 2042 1710 2109 γνοίη

123 2133 348 2194 ἑαυτὸν,
389 2133 474 2184 ἵνα
511 2133 584 2202 μὴ
617 2115 846 2198 ἀγνοῶν.
871 2133 1062 2184 ἑαυτὸν
1115 2133 1498 2185 καταλείποιτο
1531 2149 1543 2159 '
1567 2132 1709 2200 ὁρῶν

123 2226 239 2293 γὰρ
366 2225 498 2286 Θεὸς
540 2225 630 2276 τὸν
673 2226 867 2277 ἑαυτοῦ
916 2225 1067 2287 Υίὸν,
1122 2226 1304 2294 ὅμοιον
1332 2223 1527 2293 ἑαυτῷ,
1572 2224 1713 2277 κατὰ

127 2318 332 2376 πάντα,
385 2316 575 2368 ἑαυτὸν
606 2317 662 2367 ὲν
701 2316 894 2384 ἐκείνῳ
940 2317 1078 2386 ὁρᾷ·
1119 2317 1282 2378 αὐτὸς
1340 2319 1448 2385 γάρ
1491 2319 1637 2369 ἐστιν
1679 2318 1710 2386 ἡ

128 2407 298 2460 εἰκὼν
327 2408 422 2460 τοῦ
469 2407 604 2459 Θεοῦ
645 2408 739 2461 τοῦ
784 2409 1042 2476 ἀοράτου,
1095 2409 1189 2460 καὶ
1237 2409 1264 2459 ό
1302 2407 1588 2478 χαρακτὴρ
1615 2407 1712 2476 τῆς

129 2499 489 2562 ὑποστάσεως
520 2498 706 2552 αὐτοῦ.

201 2593 265 2644 Β.
290 2592 474 2643 Ἔστω
502 2591 587 2659 δὴ,
612 2591 699 2643 τὸν
714 2590 847 2643 Θεὸν
875 2590 1019 2660 ἔχειν
1047 2591 1166 2643 τινὰ
1186 2591 1469 2650 συναῖδιον,
1504 2593 1710 2660 ὅμοιον,

130 2684 284 2745 ὅπως
325 2682 515 2733 ἑαυτὸν
572 2681 664 2736 ἀπ’
703 2682 915 2734 ἐκείνου
974 2682 1252 2749 γινώσκοι.
1285 2681 1454 2733 Πόθεν
1495 2683 1712 2735 ἀποδεί-

132 2772 247 2838 ξεις
278 2773 361 2824 ὅτι
391 2771 503 2834 υίύς
531 2774 716 2835 tactv;

206 2884 271 2934 Α.
310 2883 529 2934 Ἔοικεν
585 2882 695 2944 τοῖς
755 2881 854 2951 τῆς
923 2881 1270 2950 δικαιοσύνης
1328 2885 1586 2953 ἐρασταῖς
1635 2883 1712 2952 τῷ

137 2972 287 3042 αύτῷ
329 2973 513 3042 μέτρῳ
549 2973 642 3024 καὶ
674 2971 848 3041 ζυγῷ,
889 2964 933 3037 ᾧ
973 2973 1300 3043 μετροῦνταί
1347 2991 1406 3025 τε
1440 2974 1533 3026 καὶ
1588 2990 1712 3026 σταο

138 3065 405 3135 θμῶνται,
432 3067 779 3133 άντιμετρείν
805 3081 864 3116 τε
897 3066 991 3117 καὶ¹
1023 3067 1482 3134 ἀντισταθμίζειν,
1520 3067 1580 3118 Εἰ
1603 3067 1713 3133 γὰρ

1882 1408 2004 1472 Quo
2066 1411 2234 1478 igitur
2285 1410 2447 1461 modo
2528 1425 2592 1461 ex
2656 1411 2740 1463 bis
2807 1413 3052 1479 quinque
3100 1417 3384 1479 cognoscit

1812 1493 1954 1548 Deus
2008 1497 2289 1564 seipsum?
2343 1511 2681 1564 cognoscere
2718 1501 2956 1565 seipsqu
3009 1515 3037 1552 e
3071 1515 3129 1553 se
3174 1502 3386 1553 srilieet

1811 1601 1920 1639 non
1957 1596 2138 1655 potest
2171 1605 2183 1639 :
2224 1587 2327 1640 hoc
2373 1588 2518 1639 enim
2553 1589 2741 1640 datum
2794 1599 2898 1650 est,
2939 1591 3105 1660 auium
3141 1606 3261 1644 esse
3291 1593 3384 1660 qui

1812 1679 2120 1746 Cognoscit,
2154 1686 2207 1731 et
2253 1679 2426 1731 alium
2475 1679 2565 1745 qui
2619 1681 2994 1746 cognoscitur.
3053 1681 3160 1734 Nec
3197 1698 3259 1734 ex
3292 1699 3384 1735 ve-

1813 1768 1978 1835 stigio
2019 1769 2244 1838 aliquo;
2299 1783 2421 1836 quae
2469 1770 2613 1821 enim
2657 1770 2797 1821 facta
2855 1780 3003 1833 sunt,
3056 1771 3224 1823 multo
3260 1780 3390 1826 sunt

1817 1857 2081 1911 inferiora
2117 1877 2129 1910 :
2169 1875 2343 1928 neque
2383 1876 2477 1927 per
2509 1861 2797 1927 speculum
2827 1901 2840 1925 ,
2879 1876 2978 1914 nee
3016 1861 3126 1913 alio
3155 1878 3218 1913 ex
3254 1859 3389 1930 qua-

1817 1959 1941 2003 tuor
1985 1951 2203 2016 modis;
2261 1967 2485 2006 necesse
2521 1954 2692 2021 igitur
2745 1961 2828 2006 est
2857 1968 2980 2006 esse
3013 1955 3249 2021 aliquem
3295 1970 3389 2022 per

1819 2043 2005 2094 Omnia
2045 2043 2302 2104 similem,
2343 2043 2398 2095 id
2449 2051 2556 2109 est,
2591 2045 2898 2096 homousion
2926 2083 2940 2105 ,
2973 2053 3025 2095 et
3057 2054 3387 2097 eomtcrnum

1819 2130 1945 2193 Deo,
1977 2146 2039 2183 ex
2075 2147 2184 2198 quo
2229 2135 2527 2202 cognoscat
2588 2134 2856 2200 seipsum,
2921 2148 2986 2186 ne
3018 2134 3289 2200 reliquum
3319 2133 3390 2185 sit

1815 2222 2069 2293 ignorare
2099 2222 2260 2292 367
2286 2227 2527 2292 seipsum
2561 2242 2572 2276 :
2603 2225 2794 2276 videns
2827 2225 2972 2275 enim
3013 2222 3155 2277 Deus
3192 2222 3390 2277 Filium

1815 2328 1974 2366 suum
2009 2314 2112 2366 sibi
2135 2330 2232 2382 per
2267 2317 2454 2368 omnia
2486 2315 2745 2377 similem,
2767 2330 2826 2368 se
2857 2316 2971 2382 ipse
3013 2316 3063 2366 in
3099 2315 3191 2367 illo
3221 2317 3388 2378 videt,

1815 2406 1930 2472 ipse
1961 2407 2106 2459 enim
2168 2405 2340 2461 Filius
2381 2415 2465 2460 est
2500 2408 2680 2477 imago
2731 2406 2820 2460 Dei
2874 2409 3196 2468 invisibilis,
3243 2420 3296 2461 et
3332 2409 3393 2459 ti-

1815 2510 1946 2564 gura
1980 2498 2303 2551 substantiae
2331 2498 2473 2566 ejus.

1887 2587 1947 2640 Β.
1983 2586 2138 2651 Esto,
2180 2589 2376 2642 habeat
2436 2587 2580 2643 Deus
2630 2590 2866 2659 aliquem
2927 2600 3264 2643 coretcrnum
3320 2593 3396 2645 si-

1827 2680 2039 2740 milem,
2072 2689 2128 2732 ut
2153 2695 2216 2732 ex
2251 2679 2348 2731 illo
2387 2695 2448 2733 se
2485 2679 2600 2748 ipse
2631 2689 2948 2750 cognoscat.
2985 2678 3136 2734 Unde
3163 2681 3393 2734 demon-

1817 2771 2025 2826 strabis
2062 2770 2236 2823 [ilium
2267 2771 2426 2824 esse?

1877 2885 1945 2936 Α.
2007 2881 2173 2936 Decet
2213 2881 2443 2950 justitia:
2491 2889 2770 2936 amatores
2806 2882 2996 2936 eadem
3051 2897 3309 2936 mensura
3342 2891 3397 2936 et

1814 2974 1996 3038 lance,
2057 2988 2162 3043 qua
2205 2974 2507 3026 metiuntur
2553 2984 2608 3027 et
2669 2973 2995 3043 ponderant,
3048 2974 3294 3026 retnetiri
3344 2983 3398 3027 et

1817 3066 2142 3135 rependere.
2194 3064 2252 3119 Si
2304 3067 2451 3120 enim
2487 3081 2515 3119 a
2555 3074 2608 3120 te
2657 3067 2993 3134 accepissent
3046 3075 3266 3118 centum
3303 3081 3399 3118 au-

139 3157 257 3227 εῐην
289 3156 526 3226 εἰληφὼς
554 3158 702 3226 παρὰ
730 3158 822 3209 σοῦ
850 3158 1135 3227 χρυσίνους
1158 3159 1370 3218 ἑκατὸν,
1397 3157 1635 3226 ἐθέλοιμι
1664 3158 1717 3209 δέ

1823 3175 1946 3213 reos
2000 3161 2277 3222 nummos,
2331 3159 2642 3226 vellemque
2694 3158 2792 3213 bos
2865 3158 2960 3211 tibi
3025 3160 3271 3221 reddere,
3336 3173 3400 3211 ea

143 3267 223 3301 σοι
246 3253 249 3255 ’
271 3249 492 3310 τούτους
553 3247 866 3312 ἀποδοῦναι,
893 3249 968 3316 τῷ
994 3249 1163 3315 ζυγῷ,
1195 3242 1239 3315 ᾧ
1268 3249 1716 3317 σταθμισάμενος

143 3341 580 3412 εἴληφαηὲκείνῳ
635 3341 730 3393 καὶ
767 3343 830 3394 σὺ
864 3342 992 3411 παρ’
1021 3342 1155 3411 ἐμοῦ
1186 3342 1283 3410 οὐχ
1313 3343 1483 3410 ἑτέρῳ
1518 3341 1718 3392 ἀπολα-

143 3433 254 3485 ϐεῖν
285 3433 540 3501 ὀφείλεις.
604 3433 873 3502 Στάθμιον
916 3432 1026 3502 γὰρ
1064 3435 1280 3502 μικρὸν,
1305 3435 1398 3484 καὶ
1430 3433 1570 3499 μέγα
1595 3432 1718 3500 ἐμί-

146 3540 307 3591 σησεν
360 3525 394 3592 ή
444 3523 589 3593 ψυχή
651 3540 772 3592 μου,
808 3523 974 3592 φησὶν
1026 3524 1054 3574 ό
1096 3523 1250 3584 Θεός.
1295 3524 1466 3576 Πόθεν
1496 3525 1721 3576 ἐπιστάο

149 3614 306 3684 μεθα,
363 3615 440 3667 ὅτι
489 3616 636 3666 ἐστιν
692 3613 846 3676 Θεὸς,
897 3613 1083 3666 καὶτὰ
1125 3613 1220 3665 τοῦ
1248 3613 1383 3666 Θεοῦ
1420 3613 1719 3682 ἰδιώματα;

146 3707 265 3776 οὐχὶ
293 3708 356 3757 ὲκ
377 3706 485 3758 τῶν
516 3706 645 3775 παρ’
667 3707 828 3775 ήμῖν;
860 3705 920 3756 El
949 3704 1057 3775 γὰρ
1081 3698 1245 3756 αὑτὸν
1273 3704 1369 3773 οὐχ
1399 3704 1721 3773 ἑωράκαμεν

149 3795 382 3858 πώποτε,
411 3797 521 3849 οὐδ’
562 3797 624 3850 ὲκ
658 3795 766 3848 τῶν
804 3795 969 3849 αὑτοῦ
1006 3795 1331 3864 ποιημάτων
1358 3793 1523 3847 αὑτὸν
1555 3812 1724 3848 κατα·

149 3887 552 3958 λαμϐανόμεθα,
610 3888 822 3957 ἀνάγκη
885 3888 1035 3940 πᾶσα
1085 3889 1143 3940 ὲν
1180 3887 1434 3939 παντελεῖ
1479 3888 1722 3956 διαρκεῖ-ι

150 3979 292 4050 ἡμᾶς
321 3979 565 4049 ἀγνωσία
590 3980 681 4030 τοῦ
710 3976 871 4031 Θεοῦ.
918 3977 1013 4031 Ἐκ
1040 3978 1151 4030 τῶν
1185 3973 1278 4029 οὖν
1322 3979 1450 4047 παρ’
1483 3980 1614 4046 ἡμῖν
1641 3995 1721 4030 τι-

155 4068 432 4139 μιωτέρων
486 4069 578 4121 τὸν
630 4068 761 4122 Θεὸν
789 4068 1187 4138 διαγράφομεν,
1221 4069 1288 4121 τά
1339 4070 1466 4136 ἡμῖν
1491 4071 1726 4138 ἐπισυμ-

154 4160 398 4214 ϐαίνοντα
433 4157 819 4230 συμπτώματα
847 4159 1125 4223 παντελῶς
1169 4159 1588 4228 ὑπεξαιροῦντες
1620 4159 1726 4212 ἀπὸ

156 4253 258 4305 τῶν
287 4252 389 4304 ὑπὸ
409 4251 544 4304 Θεοῦ
589 4251 921 4320 λεγομένων.
952 4247 1076 4305 Οἴόν
1112 4253 1226 4303 ἐστι
1273 4250 1403 4321 παρ’
1436 4253 1566 4320 ἡμῖν
1591 4250 1726 4320 ζωὴ,

159 4344 244 4396 καὶ
281 4343 524 4403 θάνατος.
565 4342 685 4395 Τίνι
715 4343 917 4410 πρέπει
942 4345 1076 4412 ἡμῖν
1105 4343 1195 4395 τὸν
1222 4341 1357 4395 Θεὸν
1383 4341 1726 4412 χαρακτηρί-

164 4453 267 4496 σαι,
297 4438 360 4505 τῇ
377 4434 508 4504 ζωῇ,
536 4433 570 4503 ἢ
600 4433 679 4502 τῷ
704 4434 954 4504 θανάτῳ;

226 4550 285 4603 Β.
318 4548 568 4617 Δηλονότι
592 4551 656 4618 τῇ
683 4548 817 4619 ζωῇ.

225 4666 288 4717 Α.
323 4664 566 4733 Λέγομεν
612 4658 728 4725 οὖν,
789 4663 871 4715 ὅτι
902 4664 930 4715 ό
955 4661 1088 4724 Θεὸς
1118 4660 1251 4733 ζωὴ,
1301 4661 1394 4714 καὶ
1418 4660 1524 4724 ζῶν
1556 4661 1721 4711 ἐστιν.

175 4754 306 4808 Ἀλλ’
335 4753 527 4822 ἐπειδὴ
569 4755 699 4823 παρ’
733 4754 867 4823 ἡμῖν
924 4753 958 4821 ἡ
991 4750 1105 4819 ζωὴ
1137 4751 1233 4802 καὶ
1270 4749 1442 4820 ἀρχὴν
1473 4748 1608 4817 ἔχει,
1636 4748 1728 4800 καὶ

164 4850 322 4914 τέλος,
353 4848 446 4902 καὶ⁸
469 4847 653 4916 ἂνδεὴς
682 4848 798 4898 ἐστι
820 4863 832 4878 ο
869 4845 1059 4917 χρῄζει
1089 4844 1197 4912 γάρ
1224 4843 1322 4912 τῆς
1346 4841 1544 4907 ἔξωθεν
1575 4842 1730 4911 ἑπιρ-

169 4941 309 5011 ῥοῆς,
343 4938 596 5012 βρώσεὼς
652 4955 730 5002 τε,
773 4939 867 4990 καὶ
908 4937 1140 4999 πόσεως,
1175 4936 1268 4987 καὶ
1319 4935 1418 5003 τῆς
1447 4932 1542 4986 τοῦ
1569 4933 1730 5003 ἀέρος

169 5032 449 5101 ἀναπνοῆς,
480 5031 576 5083 καὶ
606 5029 715 5081 τῶν
744 5027 1026 5092 τοιούτων,
1062 5026 1121 5092 ἐξ
1148 5019 1222 5079 ὧν
1252 5027 1285 5095 ἠ
1327 5024 1585 5087 σύστασις
1633 5025 1730 5094 τῆς

170 5124 422 5194 ἡμετέρας
446 5122 610 5191 ζωῆς.
637 5121 825 5175 Ταῦτα
863 5121 1036 5173 πάντα
1087 5118 1154 5170 τά
1200 5114 1604 5187 συμπτώματα,
1637 5116 1731 5168 καὶ

171 5214 512 5283 ὶλαττώματα
550 5213 702 5270 κάτω
733 5211 939 5274 Θὲντες,
976 5209 1072 5262 καὶ
1129 5208 1443 5277 ἀφελόντες,
1475 5207 1728 5275 λέγομεν,
1771 5243 1781 5257 .

173 5304 251 5358 τὸν
277 5305 402 5358 Θεὸν
463 5305 566 5376 ζῇν
631 5303 796 5374 ζωὴν,
827 5304 924 5356 καὶ
965 5300 1222 5368 τοιαύτην
1253 5298 1421 5369 ζωὴν,
1454 5299 1552 5367 τὴν
1597 5299 1731 5368 μήτε

174 5395 327 5468 ἀρχὴν
377 5397 516 5467 μήτε
567 5395 720 5457 τέλος
771 5393 1043 5463 ἔχουσαν,
1086 5391 1224 5462 μήτε
1271 5389 1416 5452 τινὸς
1457 5387 1735 5451 παντελῶς

177 5489 267 5541 τῶν
299 5488 495 5554 ἔξωθεν
517 5487 844 5558 χρῄζουσαν.
870 5486 939 5539 Ἥ
963 5485 1060 5555 οὐχ
1082 5483 1256 5547 οὕτως
1287 5483 1432 5553 ἔχειν
1454 5497 1534 5533 σοι
1551 5481 1731 5546 δοκεί;

236 5582 290 5635 Β.
319 5582 424 5636 Καὶ
456 5583 595 5635 πάνυ
617 5579 959 5646 θαυμασίως,
993 5578 1086 5631 καὶ
1129 5573 1510 5646 εὐστοχώτατοι
1542 5575 1605 5627 ἐκ
1625 5573 1734 5626 τῶν

236 5759 277 5801 δ’
316 5759 467 5815 Prov.
507 5774 598 5823 xx,
645 5756 729 5811 10.

1821 3252 1976 3304 lance
2004 3265 2121 3320 .qoa
2155 3264 2431 3320 appensos
2464 3250 2675 3318 accepi,
2729 3257 2784 3302 et
2829 3264 2938 3302 non
2974 3249 3098 3309 alia,
3137 3264 3165 3300 a
3201 3264 3286 3302 me
3318 3265 3400 3300 re-

1820 3344 2003 3414 cipere
2050 3343 2238 3397 debes.
2302 3341 2528 3395 Pondus
2579 3343 2726 3395 enim
2781 3355 3010 3409 parvum
3059 3349 3112 3394 et
3145 3355 3400 3408 magnum

1821 3436 1994 3490 odivit
2019 3438 2200 3488 anima
2224 3450 2340 3488 mea
2362 3433 2434 3497 δ’,
2461 3436 2535 3486 ait
2561 3433 2724 3486 Deus.
2760 3431 2915 3486 Unde
2944 3434 3173 3496 scimus,
3191 3433 3234 3485 si
3260 3432 3401 3484 Deus

1821 3537 1927 3592 est,
2013 3526 2248 3594 ejusque
2318 3524 2738 3593 proprietates?
2795 3538 2978 3576 annon
3030 3539 3096 3576 ex
3154 3524 3222 3578 iis
3279 3539 3401 3591 quae

1824 3618 1968 3687 apud
1997 3633 2100 3672 nos
2138 3617 2315 3671 sunt?
2357 3616 2571 3670 Etenim
2606 3616 2654 3670 si
2687 3630 2966 3684 nunquam
2994 3631 3118 3669 eum
3141 3616 3399 3676 vidimus,

1823 3723 1923 3763 nec
1953 3724 2016 3761 ex
2053 3706 2326 3761 creaturis
2364 3707 2487 3775 ejus
2531 3719 2658 3758 eum
2715 3707 3126 3773 cognoscimus,
3178 3718 3404 3757 necesse

1824 3803 2053 3855 omnino
2082 3808 2166 3855 est
2195 3814 2298 3853 nos
2329 3797 2498 3852 Deum
2551 3798 2828 3867 ignorare.
2863 3795 3033 3864 Igitur
3060 3811 3124 3849 ex
3160 3796 3248 3856 iis,
3282 3808 3404 3862 qua:

1827 3893 1971 3962 apud
2010 3906 2110 3946 nos
2142 3899 2272 3945 sunt
2331 3891 2629 3953 nobiliora,
2676 3887 2843 3942 Deum
2894 3888 3280 3951 describimus,
3309 3901 3404 3942 eas

1827 3985 2045 4054 penitus
2087 3997 2206 4051 qua:
2259 3980 2418 4035 nobis
2452 3981 2707 4034 accidunt
2739 3980 3118 4033 aberratioues
3151 3979 3404 4032 eximen-

1828 4085 1912 4130 tes
1962 4092 1992 4130 e
2028 4088 2256 4130 numero
2286 4087 2477 4128 eorum
2513 4087 2634 4140 quae
2675 4070 2743 4126 de
2775 4070 2884 4125 Deo
2921 4069 3204 4124 dicuntur.
3238 4068 3402 4123 Verbi

1829 4169 2031 4240 gratia,
2065 4167 2206 4237 apud
2238 4182 2339 4220 nos
2374 4173 2460 4221 est
2507 4166 2616 4219 vita
2651 4173 2703 4219 et
2733 4178 2880 4220 mors
2916 4181 2927 4216 :
2968 4178 3078 4233 quo
3113 4162 3269 4216 decet
3303 4178 3406 4217 nos

1831 4264 2051 4334 signare
2084 4248 2276 4325 Deum,
2311 4260 2418 4313 vita
2447 4299 2460 4325 ,
2503 4273 2570 4312 an
2599 4257 2815 4312 morte?

1905 4541 1964 4594 Β.
1999 4539 2124 4594 Vita
2155 4539 2382 4593 scilicet.

1907 4656 1972 4710 A.
2030 4654 2277 4708 Dicimus
2332 4632 2529 4723 igitur.
2567 4653 2734 4706 Deum
2789 4651 2997 4715 vivere,
3044 4659 3098 4705 et
3137 4649 3407 4705 viventem

1835 4745 1980 4802 esse.
2019 4744 2123 4799 Sed
2167 4745 2301 4814 quia
2354 4743 2502 4813 apud
2561 4757 2665 4797 nos
2700 4742 2811 4795 vita
2857 4750 2911 4795 et
2946 4742 3277 4811 principium
3311 4742 3412 4793 lia-

1839 4841 1926 4894 bet
1982 4849 2034 4892 et
2094 4840 2283 4898 tinem,
2346 4847 2401 4889 et
2462 4835 2713 4903 indiget;
2773 4834 2979 4904 indiget
3008 4835 3154 4888 enim
3192 4833 3261 4886 iis
3292 4848 3414 4901 qua:

1838 4930 2195 4985 extrinsecus
2227 4928 2488 4990 inﬂuunt,
2536 4935 2595 4979 ut
2626 4926 2773 4989 cibo,
2805 4935 2858 4978 et
2903 4935 3054 4993 potu.
3089 4935 3142 4979 ct
3176 4925 3412 4992 respira-

1839 5023 1989 5076 tione
2017 5022 2183 5083 aeris,
2217 5028 2271 5074 et
2301 5020 2428 5074 aliis
2459 5018 2805 5085 ltujusmodi,
2834 5033 2899 5071 ex
2939 5019 3143 5086 quibus
3176 5016 3284 5069 vita
3319 5032 3415 5070 no-

1839 5125 1951 5169 stra
1989 5119 2228 5167 constat.
2270 5111 2365 5165 llis
2397 5111 2683 5168 onmibus.
2709 5126 2833 5180 quae
2866 5110 3152 5174 accidunt,
3197 5112 3414 5180 seposio

1839 5207 1914 5261 tis
1971 5219 2035 5258 ac
2090 5203 2344 5268 remotis,
2388 5203 2628 5256 dicimus
2659 5202 2828 5256 Deum
2863 5203 3044 5256 vivere
3089 5202 3256 5255 vitam
3295 5218 3412 5271 qua

1840 5310 2020 5366 neque
2066 5294 2402 5365 principium
2451 5293 2615 5347 habet
2669 5307 2850 5360 neque
2905 5293 3089 5354 tinem,
3142 5305 3240 5344 nec
3305 5293 3413 5345 ulla

1842 5403 2073 5458 prorsus
2131 5402 2190 5440 re
2237 5385 2590 5441 extrinsecus
2643 5385 2879 5455 indiget.
2933 5384 3131 5437 Annon
3201 5381 3412 5436 videtur

1843 5480 1941 5534 tibi
1977 5479 2059 5533 sic
2093 5477 2254 5534 esse?

1913 5571 1972 5627 Β.
1992 5571 2430 5640 Άὰιιιὶτοδὶὶίιετ,
2458 5578 2513 5627 et
2538 5584 2703 5642 quam
2733 5569 2940 5640 optime
2970 5566 3172 5639 conjici
3211 5573 3417 5638 potest,
