4086 6454
136 346 284 413 1501

208 459 278 511 Β.
310 456 497 520 Οὕτως
519 456 651 526 ἔχει.

1552 355 1939 416 OPUSCULA
1954 403 1966 415 .

1899 464 1958 514 B.
2000 461 2091 516 Sic
2120 469 2223 517 est.

211 475 278 511 υ.
310 475 497 520 υυτως
519 475 651 526 εχει.

211 549 284 603 Δι.
313 549 376 601 El
399 544 492 601 οὖν
537 550 565 600 ὁ
609 548 738 610 Θεὸς
767 547 1041 616 ἠϐουλήθη
1073 548 1207 618 πρὸς
1243 549 1410 618 ἡμᾶς,
1452 552 1619 617 ἦγουν
1652 553 1726 614 εἰς

1899 475 1958 514 u.
2000 475 2091 516 mc
2120 475 2223 517 est.

1851 571 1857 581 ·
1903 555 1965 605 Α.
2016 552 2072 606 Si
2130 554 2300 623 igitur
2332 555 2596 608 voluisset
2637 555 2781 610 Deus
2815 557 3037 611 mittere
3073 558 3139 610 ad
3181 573 3306 621 nos,
3344 563 3410 615 ad

127 640 234 694 τὸν
260 639 470 708 κόσμον
498 638 798 692 ἀπόστολον
843 656 967 691 τινα
1000 639 1236 708 πέμψαι,
1267 639 1418 692 ποίου
1447 643 1726 720 τάγματος

1834 642 2122 705 tnundum,
2159 645 2408 712 inquam,
2456 645 2731 711 nuntium,
2774 646 2940 716 369
2970 663 3033 701 ex
3066 665 3177 714 quo
3213 650 3411 702 ordine

127 730 500 783 ἀποστέλλειν
538 729 751 799 ἔμελλε,
786 730 850 794 ἐξ
890 729 1140 797 ἀγγέλων
1180 731 1419 795 πάντως,
1454 732 1490 801 ἢ
1519 733 1726 805 ἀνθρώ-

1831 737 2107 790 missurus
2159 737 2315 790 erat?
2356 753 2420 790 ex
2482 738 2719 806 angelis,
2775 748 2870 791 aut.
2923 755 2988 792 ex
3043 742 3410 796 hominibus?

3266 357 3413 423 ιδοε

131 838 299 884 πωνς
338 823 397 874 οὐ
430 822 540 893 γὰρ
571 823 634 875 ὲκ
665 822 770 875 τῶν
795 822 1006 891 ἀλόγων
1034 822 1205 887 ζώων.

212 912 279 964 Β.
318 912 508 975 Οὖτως
535 914 669 982 ἔχει.

210 1003 282 1055 Δ.
316 1003 692 1066 Αὐτεξουσίων
727 999 821 1056 οὖν
851 1003 1041 1067 ὄντων,
1078 1006 1134 1058 ἐν
1176 1006 1252 1075 τῷ
1276 1008 1727 1078 ἀποστελλομὲνῳ

131 1088 208 1162 ἦν
254 1095 568 1148 ὑπακοῦσαι
620 1096 711 1147 τοῦ
762 1095 921 1160 Θεοῦ,
973 1095 1006 1165 ἢ
1043 1096 1116 1164 μὴ
1163 1097 1473 1150 ὑπακοῦσαι
1511 1100 1590 1160 είς
1627 1099 1727 1166 τὴν

132 1186 476 1254 ἀποστολὴν,
517 1188 608 1239 καὶ
642 1190 840 1249 εἰπεῖν,
891 1190 965 1249 ὼς
999 1189 1322 1258 ἐκελεύσθη,
1376 1191 1726 1259 παρατρέψαι

132 1272 268 1323 τινά
292 1271 418 1340 ¹δ⁹,ἢ
443 1269 573 1336 οὓκς
605 1269 798 1336 Οἶσθα,
827 1275 908 1324 ὃτι
933 1275 1027 1326 καὶ
1055 1275 1280 1344 Μωσῆς,
1310 1278 1400 1328 καὶ
1437 1278 1724 1347 Ἱερεμίας,

134 1362 241 1413 καὶ
263 1360 441 1429 ἕτεροι
473 1362 933 1428 ἀποστελλόμενοι
962 1364 1113 1431 παρά
1141 1364 1234 1415 τοῦ
1263 1365 1423 1430 Θεοῦ,
1445 1367 1511 1418 τὰ
1535 1367 1726 1436 πρῶτα

139 1451 518 1522 παρῃτοῦντο,
547 1453 642 1504 καὶ
671 1453 948 1517 ἀνένευον,
974 1457 1067 1506 καὶ
1089 1455 1198 1507 δέει
1227 1458 1327 1526 τῆς
1362 1458 1723 1524 λειτουργίας,

135 1539 173 1610 ἢ
208 1540 386 1610 ἑτέρῳ
422 1542 584 1595 πάθει
636 1543 1007 1612 κρατούμενοι
1043 1549 1499 1615 προεφασὶζοντο.
1533 1551 1724 1619 μέχρις

141 1631 216 1682 ἂν
249 1631 411 1694 αὐτὸς
456 1633 484 1683 ὁ
524 1632 658 1693 Θεὸς
706 1634 918 1685 πλείοσι
949 1633 1149 1702 λόγοις,
1199 1637 1295 1689 καὶ
1340 1641 1726 1708 παραινέσεσιν

136 1720 459 1774 ἀνέπειθεν.
496 1722 558 1773 ΕΞ
600 1721 657 1773 δὲ
689 1722 784 1774 καὶ
827 1721 930 1784 ἕως
978 1723 1164 1786 τέλους
1192 1724 1396 1776 εἵλοντο
1440 1726 1723 1794 διαρκέσαι

137 1812 237 1864 ἐπ’
265 1813 471 1877 αὐτοῖς,
503 1812 579 1875 ὡς
620 1813 694 1883 μὴ
765 1813 1134 1878 αὐτεξουσίως
1164 1814 1344 1867 ἔκειτο
1372 1814 1529 1868 τοῦτο
1549 1855 1563 1869 .

213 1899 275 1954 Β.
316 1899 504 1964 Οὐτως
537 1899 669 1970 ἔχει.

212 1992 279 2045 Α.
316 1991 374 2044 ’0
401 1992 456 2044 δὲ
492 1991 678 2055 Ἰωνᾶς
701 1995 798 2044 καὶ
829 1995 974 2063 φυγῇ
1004 1995 1277 2064 ἐχρήσατο
1300 1996 1407 2049 ἀπὸ
1432 1996 1725 2067 προσώπου

139 2083 376 2151 Κυρίου,
405 2085 484 2147 είς
502 2083 738 2155 Θαρσεῖς
755 2085 1084 2148 ἀποσταλεὶς
1114 2087 1245 2158 παρ’
1286 2088 1453 2142 αὐτοῦ
1500 2081 1591 2150 εἰς
1611 2088 1726 2158 Νη-

138 2190 198 2226 vs
207 2173 283 2227 υἲ.

213 2266 277 2320 Β.
309 2265 494 2331 Οὐτως
531 2267 1006 2338 ἀναγινώσκομεν.

208 2353 278 2410 Α.
318 2358 378 2410 ΕΞ
427 2361 609 2413 τοίνυν
657 2362 1117 2430 ἀποστελλόμενοι
1167 2361 1199 2431 ἢ
1248 2362 1589 2433 παρῃτοῦντο
1626 2361 1725 2432 τὴν

137 2450 469 2522 ἀποστολὴν,
493 2453 524 2522 ἢ
553 2451 668 2506 ἀνθ’
694 2454 898 2522 ἑτέρων
924 2453 1269 2524 ἀπήγγελλον
1299 2455 1480 2524 ἕτερα,
1512 2456 1724 2523 ἀνάγκη

141 2544 297 2596 πᾶσα
344 2545 454 2596 τῶν
504 2545 597 2598 δύο
652 2545 715 2598 τὸ
760 2546 948 2615 ἕτερον
997 2542 1064 2617 ἦν
1108 2547 1382 2614 γενέσθαι,
1427 2546 1594 2615 ἢτὴν
1631 2547 1724 2600 τοῦ

139 2634 281 2687 Θεοῦ
313 2634 511 2704 βουλὴν
545 2636 784 2706 ἀργῆσαι
816 2639 877 2690 τὸ
909 2641 982 2707 μὴ
1014 2639 1292 2707 εὑρίσκειν
1337 2641 1656 2702 ἀπόστολον,
1691 2639 1723 2708 ἢ

141 2727 308 2780 αὐτὸν
337 2727 732 2782 ἀπαναστάντα
758 2729 852 2782 τοῦ
898 2730 1180 2800 βασιλικοῦ
1207 2730 1399 2799 θρόνου
1426 2729 1724 2782 ἀπόστολον

144 2816 364 2883 ἑαυτοῦ,
406 2819 499 2870 καὶ
551 2819 886 2887 αὐτάγγελον
937 2820 1299 2890 χρηματίσαι,
1357 2820 1447 2872 καὶ
1479 2819 1724 2871 διάκονον

143 2908 247 2977 τῆς
283 2908 479 2962 ἑαυτοῦ
526 2910 744 2980 βουλῆς,
794 2913 886 2963 καὶ
916 2911 1242 2982 αὐτουργὸν,
1284 2912 1379 2965 καὶ
1418 2912 1720 2981 ὑπηρέτην,

145 3000 305 3072 ὅπερ,
335 3002 414 3065 ὡς
438 3002 775 3067 ἀπέδειξενό
825 3003 1007 3070 λόγος,
1065 3003 1349 3073 ἀλλότριον
1401 3004 1579 3069 πάντη
1631 3005 1724 3055 καὶ

1830 842 1940 879 non
1978 828 2122 879 enim
2159 843 2224 881 ex
2256 829 2637 882 animantibus
2672 829 2888 883 ratione
2921 833 3263 887 carentibus.

1891 917 1949 970 Β.
1981 920 2060 970 ita
2092 926 2198 973 est.

1898 1009 1963 1060 A.
2000 1009 2136 1060 Cum
2177 1009 2346 1076 igitur
2376 1007 2427 1059 lii
2463 1015 2649 1060 essent
2683 1023 2796 1061 sua:
2832 1008 3134 1061 voluntatis
3176 1025 3403 1080 compo-

1829 1107 1931 1160 tes,
1968 1099 2020 1150 in
2052 1107 2326 1166 potestate
2363 1097 2483 1163 ejus
2517 1098 2609 1164 qui
2668 1099 2982 1150 mitteretur
3008 1108 3128 1150 erat
3183 1100 3404 1155 obedire

1827 1197 1918 1240 aut
1945 1205 2048 1240 non
2078 1188 2552 1240 obediremittenti
2579 1203 2592 1249 ;
2632 1188 2756 1239 item
2791 1187 2975 1241 dicere
3028 1198 3084 1242 ut
3115 1192 3161 1243 ei
3184 1191 3402 1257 jussum

1827 1288 1996 1340 esset,
2032 1287 2126 1332 aut
2158 1279 2339 1346 aliqua
2385 1279 2674 1332 invertere.
2717 1279 3045 1341 Anignoras
3083 1281 3403 1351 Moysen,et

1827 1367 2365 1428 Jeremiain,etalios
2394 1384 2420 1420 a
2446 1368 2555 1421 Deo
2576 1371 2776 1421 missos
2807 1384 3122 1430 recusasse,
3155 1373 3403 1424 etdetre—

1828 1469 2100 1520 ctasse,ac
2117 1467 2260 1511 metu
2289 1459 2584 1511 ministerii
2602 1459 2864 1522 obeundi,
2888 1461 3095 1512 antalia
3115 1449 3403 1514 affectione

1827 1559 2020 1618 captus
2061 1564 2381 1611 excusasse,
2420 1563 2713 1618 quousque
2762 1548 3119 1604 Deusmultis
3137 1553 3318 1604 verbis
3347 1562 3401 1605 et

1825 1641 2238 1694 liortationibus
2279 1639 2361 1692 eis
2405 1639 2615 1692 suasit?
2660 1640 2794 1712 quid
2833 1642 2878 1693 si
2918 1657 3091 1708 usque
3135 1643 3199 1693 ad
3232 1642 3399 1718 linem

1828 1732 2128 1785 voluissent
2167 1732 2562 1800 perseverare?
2596 1746 2764 1799 penes
2799 1746 2894 1786 eos
2934 1741 3191 1801 tamquam
3229 1733 3407 1786 libero

1759 1805 1799 1858 Β
1830 1825 2062 1877 arbitrio
2091 1824 2352 1892 praeditos
2398 1831 2515 1876 erat
2546 1823 2667 1877 lioc.

1893 1915 1955 1968 B.
1987 1916 2077 1977 Sic
2115 1924 2219 1969 est.

1899 2010 1966 2060 A.
2002 2006 2174 2060 Jonas
2210 2013 2391 2059 autem
2428 2004 2563 2074 fugit
2592 2020 2618 2057 a
2652 2004 2788 2060 facie
2820 2004 3032 2059 Domini
3063 2005 3114 2058 in
3149 2004 3403 2072 Tharsis,

1826 2114 1952 2153 cum
1986 2100 2053 2153 ab
2085 2114 2148 2154 eo
2178 2099 2382 2154 missus
2412 2109 2498 2154 est
2522 2097 2792 2153 Ninivem.

1898 2285 1938 2337 B
2006 2283 2096 2337 Sic
2130 2283 2384 2351 legimus.

1895 2377 1958 2429 A.
2021 2374 2076 2428 Si
2129 2375 2298 2445 igitur
2353 2375 2442 2442 qui
2497 2374 2871 2438 mitterentur,
2937 2383 3031 2427 aut
3085 2386 3395 2428 recusarent

1826 2469 2192 2530 missionem,
2249 2477 2342 2518 aut
2405 2466 2510 2518 alia
2580 2480 2677 2534 pro
2753 2465 2875 2518 aliis
2944 2465 3400 2530 nuntiarent,al-

1824 2565 1998 2609 terum
2045 2553 2281 2609 duorum
2339 2555 2568 2608 omnino
2635 2555 2751 2607 ﬁeri
2818 2570 3042 2607 necesse
3095 2562 3245 2617 erat,
3307 2562 3401 2606 aut

1825 2662 2054 2710 vacare,
2111 2661 2176 2699 ac
2244 2644 2447 2699 frustra
2497 2659 2620 2697 esse
2697 2644 2996 2696 consilium
3058 2643 3206 2706 Dei;
3274 2645 3398 2711 quia

1824 2753 1933 2791 non
1968 2738 2308 2789 inveniretur
2339 2737 2588 2797 nuntius,
2624 2743 2717 2788 aut
2757 2735 2935 2802 ipsum
2989 2749 3016 2786 a
3055 2735 3222 2800 regali
3263 2737 3402 2787 solio

1823 2829 2198 2884 discedentem
2232 2829 2349 2881 ﬁeri
2380 2828 2485 2881 sibi
2534 2829 2813 2888 nuntium,
2851 2836 2903 2880 et
2938 2827 3273 2894 αὐτάγγελον
3311 2843 3401 2878 vo-

1823 2922 1960 2984 cari,
1993 2930 2045 2974 et
2076 2923 2157 2974 sui
2191 2918 2411 2973 consilii
2448 2919 2862 2981 administrum,
2896 2928 2951 2970 et
2994 2935 3087 2985 per
3127 2935 3186 2972 se
3216 2917 3402 2971 confc-

1823 3020 2028 3064 ctorem
2078 3018 2131 3063 et
2158 3008 2449 3068 lamulum,
2476 3007 2621 3075 quod
2652 3008 2893 3075 quidem,
2926 3016 2984 3059 ut
3015 3007 3152 3060 ratio
3177 3006 3402 3060 demon-

148 3090 559 3162 ἀπεξενωμένον
582 3095 680 3148 τοῦ
713 3094 996 3164 βασιλικού
1031 3095 1364 3165 ἀξιώματος,
1399 3097 1459 3148 τὸ
1484 3096 1552 3148 δι’
1593 3099 1722 3148 ἑαυ-

1828 3103 2041 3165 stravit,
2101 3102 2340 3155 alienum
2397 3100 2625 3155 omnino
2677 3106 2730 3153 ct
2778 3111 3100 3152 extraneum
3165 3113 3192 3149 a
3236 3098 3399 3166 regali

148 3181 243 3236 τού
272 3183 650 3253 αὐτουργικῶς
677 3184 995 3254 περαιοῦνετι
1029 3185 1138 3238 τῶν
1185 3185 1402 3238 οίκείων
1446 3184 1722 3252 βουλημά-

149 3291 258 3327 των
281 3291 340 3327 τε
378 3276 472 3327 καὶ
503 3277 962 3346 προσταγμάτων,
988 3277 1304 3330 ἀποστεῖλαι
1329 3277 1383 3329 δὲ
1412 3279 1546 3348 πρὸς
1580 3279 1722 3347 ἡμᾶς

150 3381 203 3420 τι
238 3365 346 3418 τῶν
376 3366 584 3434 ἀλόγων
611 3367 788 3433 ζώων,
825 3370 922 3421 καὶ
952 3368 1014 3422 τὸ
1049 3367 1229 3436 λέγειν
1258 3369 1483 3438 ἠλίθιον.
1515 3369 1724 3422 Οὐκοῦν

149 3457 364 3529 ἀνάγκη
395 3461 548 3513 πᾶσα
572 3459 664 3514 τὸν
692 3460 826 3515 Θεὸν
865 3460 1011 3531 ἔχειν
1040 3462 1163 3515 τινὰ
1206 3461 1495 3531 ὁμοούσιον
1526 3461 1722 3515 ἑαυτού

148 3549 210 3601 τὸ
237 3547 582 3613 αὐτεξούσιον
611 3550 825 3619 ιγοντα,
859 3552 954 3604 καὶ
989 3552 1052 3604 τὸ
1079 3551 1315 3622 θέλημα,
1346 3553 1406 3606 οὐ
1439 3554 1722 3622 παρηλλα-

149 3642 371 3712 γμένον,
397 3643 490 3694 καὶ
521 3643 730 3713 ἀπᾷδον
762 3643 1042 3704 παντελῶς
1090 3645 1188 3712 τῆς
1225 3644 1360 3707 ἰδίας
1392 3644 1719 3714 βουλήσεως,

152 3736 232 3797 εἰς
257 3732 603 3805 ἐκπλήρωσιν
632 3733 741 3789 τῶν
763 3733 923 3788 θείων
951 3736 1120 3790 αὐτοῦ
1151 3736 1411 3804 ὲφέσεων,
1445 3737 1502 3799 ὃς
1529 3740 1673 3789 ἐστιν
1698 3739 1725 3789 ὁ

153 3825 279 3888 Tib;
319 3826 613 3889 συναῒδιος.
672 3831 769 3880 καὶ.
839 3827 1188 3899 ταυτοτελὴς,
1223 3829 1318 3881 καὶ
1349 3828 1667 3897 ὁμόδουλος,
1698 3830 1726 3880 ὀ

151 3919 247 3971 καὶ
274 3919 333 3971 ιν
359 3921 483 3980 ταῖς
506 3917 755 3988 Γραφαϊς
777 3921 878 3990 τῆς
909 3919 1154 3991 μεγάλης
1176 3920 1373 3991 βουλῆς
1393 3920 1727 3988 καλούμενος

157 4007 440 4079 Ἄγγελος,
477 4010 525 4044 ³⁵
555 4012 790 4075 καὶτοῖς
813 4011 1003 4083 πρώην
1054 4013 1398 4083 χρηματίσας
1449 4013 1727 4081 Πατράσιν

167 4099 418 4171 Ἀϐραάμ
448 4117 530 4165 τε,
571 4103 670 4155 καὶ
725 4101 934 4167 Ἰσαὰκ,
969 4105 1066 4157 καὶ
1097 4102 1317 4164 Ἰακὼϐ,
1373 4103 1464 4155 καὶ
1495 4105 1725 4172 Μωῦσῇ,

154 4192 247 4245 καὶ
277 4193 392 4256 τοις
413 4192 641 4258 λοιποῖς,
669 4193 748 4258 ὼς
778 4196 873 4248 καὶ.
895 4197 958 4247 ἐκ
981 4195 1087 4247 τῶν
1112 4195 1283 4262 ἁγίων
1308 4194 1541 4266 Γραφῶν
1571 4197 1726 4266 ἀκριο

156 4282 312 4335 σεστε
321 4298 410 4351 ρον
444 4283 789 4352 ἐντυγχάνων
823 4283 1067 4354 μαθήσῃ.

225 4373 287 4430 Β.
315 4375 381 4427 Τί
405 4374 463 4428 δὶ
509 4375 690 4429 εξττείν
746 4376 890 4445 ἔχεις
945 4376 1076 4446 περὶ
1125 4374 1218 4428 τοῦ
1249 4373 1597 4444 Πνεύματοςς
1642 4375 1727 4437 τίς

1825 3194 2090 3262 dignitate
2139 3199 2278 3253 erat,
2329 3206 2427 3260 per
2472 3207 2530 3245 se
2587 3191 2768 3259 ipsum
2820 3190 3229 3242 ministrantem
3281 3203 3402 3241 ser-

1826 3300 2019 3339 mones
2055 3285 2235 3336 facere
2265 3281 2406 3350 apud
2445 3296 2547 3335 nos
2580 3281 2645 3333 de
2680 3281 2887 3334 nostris
2933 3279 3313 3331 voluntatibus
3344 3286 3401 3331 et

1827 3377 2012 3432 rebus.
2060 3374 2278 3428 Mittere
2313 3380 2493 3426 autem
2549 3371 2616 3424 ad
2658 3387 2759 3425 nos
2813 3369 3023 3439 aliquid
3076 3371 3401 3422 animalium

1826 3471 2038 3524 ratione
2066 3467 2388 3528 carentium,
2426 3465 2507 3519 vel
2554 3463 2654 3516 huc
2690 3464 2868 3532 ipsmu
2897 3463 3101 3525 dicere,
3150 3462 3402 3515 mortife-

1825 3575 1946 3615 rum
1987 3556 2301 3630 [stolidum]
2360 3564 2466 3609 est.
2519 3555 2699 3620 Quare
2753 3569 2981 3608 necesse
3029 3556 3251 3606 omnino
3284 3563 3403 3606 erat

1828 3660 1887 3707 ut
1919 3651 2060 3705 Deus
2092 3650 2317 3703 haberet
2339 3649 2592 3717 aliquem
2627 3648 2979 3711 liomousion,
3038 3646 3087 3699 id
3142 3655 3247 3706 est,
3294 3660 3406 3699 suae

1826 3744 2103 3803 essentia}.
2140 3741 2236 3810 qui
2281 3739 2513 3793 liberum
2566 3738 2859 3792 arbitrium
2918 3736 3168 3800 haberet,
3210 3747 3262 3789 et
3306 3753 3400 3788 vu-

1829 3840 2092 3891 luntatem
2127 3835 2346 3903 penitus
2381 3850 2410 3887 a
2440 3849 2538 3888 sua
2572 3835 2853 3886 voluntate
2887 3847 2992 3883 nun
3018 3831 3398 3893 dissidentem,

1828 3943 2002 3995 neque
2029 3927 2439 3981 discordantem
2482 3926 2544 3977 ad
2578 3921 2909 3992 explendum
2946 3923 3126 3973 omnia
3162 3937 3258 3973 sua
3292 3920 3392 3972 de-

1828 4019 2053 4079 sideria,
2093 4018 2187 4088 qui
2222 4025 2305 4070 est
2341 4014 2514 4069 Filius
2546 4017 2690 4082 ejus.
2726 4024 3050 4071 coaeternus,
3106 4019 3158 4064 ct
3211 4026 3306 4079 per
3342 4026 3402 4064 se

1829 4111 2129 4181 perfectus,
2155 4117 2211 4163 et
2239 4108 2487 4177 ejusdem
2532 4106 2772 4168 consilii,
2807 4105 2900 4173 qui
2935 4105 2985 4156 iu
3021 4103 3229 4157 sanctis
3261 4101 3401 4155 Scri-

1828 4202 2001 4272 pturis
2032 4209 2256 4255 vocatur
2295 4199 2477 4269 magni
2505 4199 2724 4252 consilii
2761 4198 3002 4266 Angelus
3040 4205 3086 4246 ο.

1865 4376 1953 4430 'B.
1997 4373 2136 4441 Quid
2163 4371 2329 4426 habes
2365 4372 2428 4423 ad
2477 4370 2766 4423 dicendum
2800 4369 2866 4419 de
2917 4366 3124 4432 Spiritu
3175 4362 3399 4416 sancto?

153 4465 343 4521 τούτου
389 4457 552 4536 (χρεία
610 4462 701 4538 ἦν,
742 4467 1052 4535 αὐτάρκους
1101 4468 1252 4529 ὕντος
1308 4466 1401 4519 τοῦ
1444 4467 1595 4526 Υίού,
1650 4467 1725 4528 ὡς

1828 4468 1956 4539 quid
1990 4469 2092 4520 hoc
2119 4479 2256 4533 Opus
2282 4464 2402 4517 est?
2432 4463 2564 4516 Cum
2594 4465 2730 4516 satis
2776 4461 2846 4515 sit
2881 4459 3076 4519 Filius,
3104 4466 3159 4509 ut
3186 4457 3394 4520 dixisti,

157 4559 408 4628 εἴρηκας,
430 4562 511 4622 είς
542 4559 823 4612 τελείωσιν
843 4560 940 4629 τῆς
971 4561 1166 4629 ἀρχῆς,
1199 4559 1290 4612 καί
1309 4558 1421 4627 ’τῆς
1457 4558 1734 4627 βασιλείας

157 4650 253 4706 τοῦ
283 4650 496 4720 Πατρός
516 4667 532 4716 ;
1377 4663 1381 4666 '

231 4745 293 4798 Α.
336 4741 555 4812 ’ἰδίωμά
583 4743 730 4795 ἑστιν
757 4740 855 4812 τῆς
894 4741 1278 4812 ἑννομωτάτης
1322 4739 1626 4810 βασιλείας,
1672 4737 1736 4790 τι

166 4834 328 4905 μηδεν
361 4834 561 4903 δήποτε
597 4831 664 4886 δι’
692 4831 888 4885 ἑαυτοῦ
929 4832 1020 4884 τὸν
1059 4831 1292 4901 βασιλέα
1322 4834 1494 4884 ποιεῖν
1524 4848 1538 4862 ο
1574 4829 1728 4892 ἀλλὰ,

165 4927 234 4978 τὰ
265 4923 524 4993 δοκοῦντα
561 4922 709 4991 αὐτῷ
735 4921 1166 4985 minuisse);
1218 4920 1478 4990 πληροῦν.
1521 4921 1581 4972 Et
1617 4919 1728 4989 γάρ

164 5015 301 5072 τιδι’
329 5013 523 5081 ἑαυτοῦ
579 5016 820 5085 ποιήσει,
859 5014 1150 5084 ἠλαττωμα
1178 5055 1192 5078 ,
1237 5017 1332 5067 καὶ
1389 5013 1601 5081 ὕφεσις,
1637 5013 1732 5065 καὶ

166 5105 512 5166 κατάπτωσίς
548 5106 664 5158 ἐστι
697 5106 797 5174 τῆς
840 5105 1114 5174 βασιλείας
1137 5147 1151 5169 ,
1208 5106 1303 5158 καὶ
1335 5105 1394 5157 οὐ
1431 5103 1730 5173 βασιλικόν.

169 5197 258 5253 Arb
285 5194 554 5266 μσιτεύει
583 5196 612 5248 ὁ
637 5195 785 5259 Υἱός.
817 5196 985 5249 Παλιν
1014 5195 1124 5249 τῶν
1154 5196 1622 5264 ἀναγκαιοτάτων,
1642 5197 1737 5248 καὶ

176 5286 650 5359 σνμπληρωτικῶν
668 5287 768 5357 τῆς
790 5287 1068 5356 βασιλείας
1090 5287 1208 5341 ἐστὶ
1256 5287 1314 5339 τὸ
1345 5286 1490 5356 ἔχειν
1510 5286 1739 5339 πλοῦτον

159 5380 494 5451 ἀπέραντον,
526 5379 622 5433 καὶ
641 5379 1007 5449 ἀδαπάνητον,
1038 5380 1131 5434 καὶ
1150 5379 1482 5450 θησαυροὺς,
1517 5379 1612 5433 καὶ
1642 5396 1736 5432 τα-

247 5526 271 5556 ο
292 5517 395 5571 lsa.
421 5531 498 5579 ix,
524 5514 559 5569 6
591 5529 706 5572 sec.
739 5512 880 5569 LXX

1837 4560 1905 4614 ad
1942 4557 2330 4629 perfectionem
2365 4554 2724 4624 principatus,
2757 4561 2809 4606 et
2843 4551 2993 4619 regni
3039 4547 3256 4601 Putris?

1909 4740 1973 4791 Α.
2015 4735 2335 4805 Pr0prietas
2385 4732 2542 4800 regni
2571 4731 2772 4799 optime
2804 4729 3013 4798 legibus
3043 4725 3280 4780 instituti
3315 4733 3400 4776 est

1832 4838 1889 4883 ut
1921 4830 2074 4889 nihil,
2115 4827 2502 4893 qualecunque
2531 4821 2625 4886 sit,
2672 4835 2770 4890 per
2813 4837 2870 4876 se
2930 4821 3091 4873 faciat
3134 4833 3252 4873 rex.
3305 4817 3397 4869 sed

1829 4936 1950 4991 qua:
1997 4921 2044 4973 ei
2079 4918 2388 4979 videantur,
2432 4915 2672 4981 jubendo
2706 4912 2974 4980 perticiat.
3008 4909 3062 4962 Si
3095 4908 3221 4976 quid
3256 4908 3401 4960 enim

1829 5029 1925 5084 per
1975 5026 2034 5065 se
2084 5009 2269 5072 iaciat,
2313 5003 2628 5062 imminutio
2656 5011 2740 5058 est
2773 5013 2826 5054 et
2853 5001 3112 5070 dejectio,
3163 5007 3217 5053 et
3251 4999 3404 5067 regni

1831 5104 2136 5173 depressio,
2195 5109 2249 5154 et
2301 5115 2410 5154 non
2467 5094 2754 5165 dignitatis
2790 5092 2974 5160 regiae.
3030 5088 3401 5156 Quamobrem
3476 5093 3481 5097 ’

1833 5196 1994 5267 370
2016 5193 2188 5248 Filius
2227 5200 2315 5247 est
2343 5191 2578 5244 medius.
2605 5185 2824 5240 Rursus
2854 5184 3009 5238 valde
3031 5181 3404 5237 necessarium

1836 5297 1942 5348 cst,
1977 5298 2034 5342 et
2065 5285 2211 5357 qued
2248 5299 2475 5355 regnum
2511 5279 2772 5348 complet,
2806 5276 3006 5332 habere
3051 5274 3298 5329 inﬁnitas
3325 5271 3406 5326 di-

1840 5382 2025 5444 vitias,
2056 5389 2109 5435 et
2147 5395 2267 5449 quae
2307 5374 2555 5430 consumi
2589 5380 2882 5443 nequeant,
2918 5377 2971 5425 et
3001 5367 3312 5429 thesauros,
3345 5375 3406 5420 ac

1439 5647 1671 5703 \lARIzE
1706 5646 1997 5705 LECTION
2011 5647 2112 5701 ES.

247 5746 309 5780 ⁸⁵·
332 5747 504 5803 Aliter
537 5746 628 5804 hic
681 5747 975 5805 distinctus
1007 5755 1091 5805 est
1130 5748 1305 5803 codex
1352 5745 1518 5802 Turr.
1595 5747 1640 5778 "
1676 5744 1799 5800 llaec
1829 5745 2031 5800 desunt
2063 5745 2117 5798 in
2155 5743 2414 5799 versione
2445 5740 2732 5796 Turriani.
