4086 6454
94 414 252 479 ῖ513

1526 409 1939 471 OPUSCULA.

3241 407 3377 475 15M

92 521 440 595 Τριάδος,δν
457 519 591 591 ὁμοῦ
647 519 740 574 δύο
786 517 979 588 φύσεις
1009 517 1304 590 ἑσχηκέναι
1328 517 1516 587 σαφῶς
1544 536 1679 589 παρ-

1797 525 1935 573 tates
1989 518 2293 571 naturales.
2331 528 2382 570 et
2441 517 2558 571 dna}
2609 518 2892 574 naturales
2941 520 3279 588 voluntates,
3322 532 3376 580 et

92 618 447 683 εστήσαμεν,
502 612 601 664 οὑκ
657 609 824 680 ἄλλης
867 609 1240 673 ὑποστάσεως.
1288 609 1399 661 Καὶ
1451 609 1560 678 γὰρ
1583 610 1691 662 τῶν

89 705 418 775 δεχομένων
449 703 617 768 ἑστὶν,
639 697 682 758 ὦ
704 695 872 766 οῦτοι,
918 701 1045 770 μίαν
1080 701 1376 754 ὑπόστασιν
1399 700 1690 770 διαφόρους

87 796 257 865 ἔχειν
277 795 581 864 ἐνεργείας,
607 794 702 846 καὶ
733 793 915 862 μένειν
939 794 1030 846 ἐπὶ
1059 792 1160 861 τῆς
1185 793 1387 863 ἑαυτῆς
1440 793 1686 860 μονάδος.

94 888 342 955 ”Ωσπερ,
367 882 888 956 παραδειγματικῶς
910 884 1104 947 εἰπεῖν,
1135 883 1404 953 βλέπομεν
1425 883 1516 936 τὸν
1540 883 1690 938 Παῦ-

89 977 200 1028 λον
252 976 550 1045 δυνάμενον
600 973 755 1044 όρᾷν,
809 974 905 1025 καὶ
962 972 1208 1034 ἀκούειν,
1245 973 1337 1026 καὶ
1367 973 1570 1036 λαλεῖν,
1595 975 1692 1026 καὶ

88 1066 542 1136 διαλογίζεσθαι·
568 1068 600 1134 ἠ
633 1065 844 1134 ὅρασις,
899 1063 993 1117 καὶ
1027 1065 1239 1135 saxea.
1305 1065 1398 1118 καὶ
1420 1066 1463 1135 ,ἡ
1509 1064 1688 1129 λαλιὰ,

91 1160 206 1213 καὶ
235 1161 262 1211 ὁ
292 1155 678 1225 διαλογισμὸς,
726 1155 978 1225 διάφοροί
1027 1156 1166 1208 εἰσιν
1218 1155 1494 1225 ἐνέργειαι
1523 1195 1536 1219 ,
1594 1156 1691 1208 καὶ

91 1251 312 1302 τούτων
331 1248 533 1319 ἑκάστη
559 1247 694 1316 άλλη
719 1247 866 1315 παρά
892 1247 990 1317 τὴν
1019 1246 1214 1316 ἑτέραν
1237 1262 1248 1275 ·
1282 1247 1396 1298 ἀλλ’
1421 1247 1448 1298 ό
1478 1247 1690 1311 Παῦλος

98 1339 215 1408 μία
247 1341 397 1393 ἐστιν
430 1338 752 1402 ὑπόστασις,
777 1335 985 1398 ταύτας
1017 1335 1154 1406 έχων
1188 1335 1318 1398 ὅλας
1352 1337 1452 1399 τὰς
1490 1337 1689 1389 τέσσα-

99 1450 210 1498 ρας
232 1429 512 1499 ἐνεργείας
537 1445 551 1461 ο
591 1428 702 1481 ἀλλ’
731 1427 995 1497 ὀφθαλμῷ
1031 1427 1127 1497 μὲν
1159 1427 1281 1497 ὁρᾷ,
1313 1428 1404 1481 καὶ
1430 1429 1530 1481 οὐκ
1548 1428 1690 1496 ἄλλῳ

93 1525 218 1576 τῶν
251 1521 344 1576 τοῦ
386 1521 637 1592 σώματος
688 1520 900 1590 μελῶν·
936 1520 1125 1573 ἀκούει
1160 1519 1215 1572 δὲ
1246 1519 1324 1590 τῷ
1373 1521 1538 1591 ὼτίῳ,
1597 1521 1692 1572 καί

93 1613 210 1666 οὑκ
237 1611 404 1681 ἄλλῳ,
431 1610 527 1663 καὶ
550 1613 616 1681 τῇ
641 1609 858 1680 γλώττῃ
883 1609 1054 1674 λαλεῖ,
1084 1613 1179 1662 καὶ
1199 1610 1300 1663 οὑκ
1325 1610 1468 1680 ἄλλῳ
1493 1611 1687 1681 μορίῳ,

95 1703 205 1756 καὶ
232 1701 596 1769 διαλογίζεται
622 1700 700 1753 τῶ
734 1699 836 1764 νοῒ,
866 1701 961 1754 καὶ
991 1701 1092 1754 οὑκ
1141 1701 1287 1771 ἄλλῳ
1310 1702 1449 1755 τινί·
1483 1702 1686 1772 ἑκάστη

93 1794 160 1846 δὲ
195 1793 303 1846 τῶν
343 1790 722 1845 ὑποστατικῶν
781 1789 1077 1861 ἐνεργειῶν
1110 1790 1225 1861 ἔχει
1262 1793 1504 1860 φυσικὴν
1535 1793 1590 1844 ἑν
1619 1793 1684 1862 τῇ

97 1882 406 1936 ὑποστάσει
458 1881 709 1951 δύναμιν,
766 1847 899 1951 ὓλην
922 1847 1315 1950 ,ὑποκειμένην
1352 1882 1428 1951 τῷ
1457 1847 1686 1952 ἑνεργή-
1716 1855 1759 1910 Β

98 1993 267 2046 ματι,
295 1977 429 2043 ὅπερ
463 1977 494 2044 ή
535 1974 835 2036 ὑπόστασις
889 1975 1124 2044 ἐνεργεῖ,
1164 1974 1257 2026 καὶ
1289 1971 1406 2026 ἑστι
1436 1973 1495 2026 τὸ
1527 1975 1682 2040 ἐνερ-

93 2066 372 2136 γούμενον
401 2065 532 2117 ἴδιον
554 2065 654 2134 τῆς
700 2064 1075 2127 ὑποστάσεως.
1117 2065 1212 2116 Ὃν
1246 2065 1446 2132 τρόπον
1474 2061 1687 2125 Παῦλος

99 2159 408 2218 ὑπόστασις
435 2155 533 2220 ὢν,
562 2154 791 2224 δύναμιν
810 2153 924 2223 ἔχει
948 2156 1012 2223 τῇ
1041 2153 1237 2206 ἑαυτοῦ
1260 2152 1453 2223 γνώμῃ
1480 2151 1683 2218 λαλεῖν,

93 2249 184 2308 ὡς
206 2247 421 2317 ἔχουσιν
453 2247 499 2298 οἱ
525 2247 725 2308 πάντες
781 2245 1081 2316 ἄνθρωποι.
1144 2246 1206 2297 Οἱ
1271 2246 1454 2314 μέντοι
1513 2245 1684 2314 λόγοι,

95 2339 199 2401 οῦς
229 2339 437 2401 Παῦλος
490 2337 661 2398 λαλεῖ,
706 2337 823 2390 καθ’
858 2338 916 2389 ὃν
970 2337 1267 2404 φθέγγεται
1325 2337 1537 2408 καιρὸν,
1592 2335 1684 2389 τοῦ

98 2431 324 2485 Παύλου
387 2432 524 2483 εἰσιν
576 2431 718 2482 ἴδιοι.
745 2428 898 2482 Οὕτω
944 2429 1122 2481 τοίνυν
1155 2428 1228 2499 μὴ
1253 2429 1684 2499 ἀπαγορευτέον,

98 2527 202 2579 τὸν
232 2526 402 2580 ἀΐδιον
434 2525 582 2588 Υἱὸν,
608 2524 701 2577 τὸν
731 2527 794 2576 ὲκ
818 2523 914 2592 τῆς
945 2521 1170 2590 Τριάδος
1213 2521 1428 2576 ἅπαντα
1458 2521 1687 2574 ὑπόσταο

101 2636 216 2680 σιν,
251 2618 392 2687 ἔχειν
441 2617 578 2686 μετά
633 2616 734 2686 τὴν
795 2613 990 2667 ἑαυτοῦ
1030 2613 1466 2685 ἑνανθρώπησιν,
1493 2615 1592 2684 τήν
1625 2631 1684 2667 τε

101 2710 263 2762 θείαν
308 2707 490 2777 φύσιν,
541 2705 906 2775 ὼςόΠατὴρ,
963 2705 1059 2757 καὶ
1115 2704 1176 2756 τὸ
1236 2703 1390 2771 ἆγιον
1436 2703 1681 2774 Πνεῦμα,

101 2803 207 2855 καὶ
236 2802 333 2871 τὴν
384 2799 733 2869 ἀνθρωπίνην
790 2797 984 2865 φύσιν,
1049 2795 1240 2866 ὥσπερ
1291 2797 1520 2860 ἕκαστος
1575 2798 1683 2852 τῶν

105 2896 256 2946 κατὰ
309 2892 475 2962 μέρος
533 2888 868 2960 ἀνθρώπων,
922 2887 1040 2942 καθ’
1085 2888 1145 2942 ὃν
1205 2889 1529 2961 προέςεημεν
1559 2891 1684 2962 τρόο

104 3000 212 3036 πον
221 3023 233 3036 .

182 3073 401 3128 Τούτων
448 3073 618 3136 οὑτως
691 3073 955 3144 ἑχόντων,
1012 3073 1256 3143 πέφυκεν
1305 3073 1681 3144 εἰλικρινῶςὴ

104 3165 234 3217 θεία
268 3165 452 3233 φύσις,
488 3166 545 3216 ἑν
572 3167 636 3234 τῇ
669 3164 833 3218 αὑτοῦ
863 3165 1179 3228 ὑποστάσει,
1213 3165 1312 3235 ὕλη
1343 3167 1454 3229 τοῖς
1487 3165 1681 3220 ἑαυτοῦ

104 3255 280 3317 ὑείοις
332 3255 534 3325 ἔργοις,
567 3255 603 3308 θ.
629 3254 771 3308 κατὰ
813 3255 908 3325 τὴν
933 3255 1344 3327 ἑνανθρὼπησιν
1381 3255 1564 3323 αὑτοῦ,
1590 3258 1685 3310 καὶ

102 3350 206 3401 ἐπὶ
251 3350 353 3417 γῆς
411 3349 758 3418 ἀναστροφὴν
814 3350 1129 3418 εἰργάσατο.
1179 3350 1418 3419 Ἀληθῶς
1443 3351 1498 3404 δὲ
1534 3351 1683 3419 καὶὴ

102 3439 426 3509 ἀνθρωπίνη
456 3438 616 3506 φύσις
649 3438 823 3492 ἑνεστι
853 3443 920 3510 τῇ
953 3439 1048 3493 τοῦ
1078 3440 1250 3493 ἀϊδίου
1291 3440 1422 3494 Υίοῦ
1447 3442 1684 3496 ὑποστάς

107 3549 217 3592 σει,
247 3529 345 3600 ὕλη
397 3532 508 3591 τοῖς
551 3529 749 3582 ἑαυτοῦ
777 3529 1140 3601 ἀνθρωπίνοις
1161 3530 1366 3600 ἔργοις,
1396 3531 1431 3585 ἃ
1453 3535 1565 3595 τοῖς
1591 3534 1684 3585 ἀν-

100 3624 350 3693 Ορώποις
381 3623 959 3692 συναναστρεφόμενος
1003 3624 1328 3694 πεποίηκεν,
1387 3625 1480 3678 καὶ
1535 3622 1683 3676 ἑστιν

103 3714 273 3767 αὑτοῦ
323 3714 429 3765 ίδια
472 3713 627 3784 παρά
674 3713 881 3776 πάντας
935 3713 1281 3783 ἀνθρώπους.
1317 3715 1375 3768 '0
1419 3715 1579 3778 αὑτὸς
1626 3716 1683 3770 δὲ

100 3808 264 3874 λόγος
301 3806 449 3858 ἐστὶν
503 3806 596 3860 καὶ
634 3806 726 3858 ἐπὶ
756 3807 867 3869 τοῖς
895 3806 1046 3859 δυσὶν
1078 3805 1242 3859 αὑτοῦ
1268 3809 1516 3874 φυσικοῖς
1540 3807 1681 3863 ίδιώ-

105 3897 278 3967 μασίν
305 3911 362 3948 τε
395 3895 490 3948 καὶ
531 3895 850 3966 θελήμασιν.

190 3988 514 4054 Ἀναγκαῖον
541 3987 599 4040 δὲ
633 3988 728 4040 καὶ
788 3986 947 4041 τοῦτο
979 3989 1052 4057 μὴ
1093 3989 1304 4061 ἀσαφὲς
1361 3991 1680 4046 καταλιπεῖν

101 4079 184 4152 τῷ
236 4079 615 4149 ἐντυγχάνοντι
645 4079 780 4147 τῷδε
828 4079 906 4149 τῷ
935 4081 1190 4152 ἡμετέρῳ
1226 4082 1538 4152 γράμματι,
1599 4083 1678 4137 ὅτι

99 4170 198 4222 τὸν
228 4170 395 4223 ἀΐδιον
428 4169 553 4222 Υἱὸν
584 4169 866 4238 ἄνθρωπον
895 4170 1146 4238 λέγοντες
1176 4172 1524 4240 γεγενῆσθαι,
1558 4173 1678 4226 τοῦ·

95 4261 162 4313 τό
200 4278 397 4331 φαμεν,
439 4263 574 4331 ὅπερ
608 4261 928 4324 Ἀθανάσιός
958 4279 1015 4315 τε
1051 4264 1145 4316 καὶ
1193 4263 1480 4332 Κύριλλος,
1505 4265 1555 4317 οἱ
1580 4264 1678 4334 τῆς

112 4346 529 4417 Ἀλεξανδρείας
587 4349 875 4419 εἰρήκασιν
938 4351 1214 4422 ίεράρχαι,
1270 4355 1362 4404 καὶ
1399 4354 1598 4416 πάντες
1627 4355 1674 4407 οί

98 4438 354 4508 θεοφόροι
385 4439 647 4509 Πατέρες,
671 4441 752 4492 ὅτι
799 4441 990 4505 κτίσας
1013 4445 1078 4496 ἐκ
1095 4444 1192 4513 τῆς
1237 4443 1512 4513 Παρθένου
1540 4462 1675 4498 παν-

1795 615 2175 678 operationcs,
2205 611 2323 677 ejus
2362 611 2595 674 scilicet,
2633 614 2724 681 qni
2773 621 2856 668 est
2896 628 3000 667 una
3055 614 3374 685 hypostasis

1793 715 1858 754 ex
1901 708 2092 753 sancta
2139 699 2428 764 Triuilate,
2461 715 2621 769 quem
2655 712 2840 769 aperte
2885 703 3243 772 probavimus
3279 705 3376 760 ha-

1794 785 1922 841 bere
1967 787 2105 842 duas
2137 800 2386 844 naturas.
2425 804 2534 840 non
2590 789 2733 842 alius
2773 798 2824 839 ul
2868 791 3012 845 alius
3055 791 3375 862 hypostasis

1793 876 1908 932 sive
1936 893 2206 947 persona.
2251 877 2532 947 Siquidem
2573 880 2838 947 possibile
2867 888 2971 947 est,
3005 899 3166 937 unam
3201 887 3373 957 hypo-

1793 968 1984 1022 stasim
2013 969 2214 1024 habere
2247 969 2496 1024 diversas
2535 973 2893 1039 operationes
2915 1013 2929 1037 ,
2973 981 3026 1027 et
3059 988 3281 1031 manere
3319 977 3374 1031 in

1793 1071 1892 1112 sua
1927 1058 2156 1112 unitate.
2212 1056 2552 1129 Utfexempli
2583 1075 2750 1116 causa
2794 1063 3069 1129 dicamus,
3117 1066 3374 1124 videmus

1793 1147 2022 1203 Paulum
2059 1159 2333 1219 potentem
2381 1150 2585 1213 videre,
2637 1162 2692 1206 et
2746 1155 2959 1224 audire,
3007 1172 3071 1212 ac
3108 1156 3281 1229 loqui,
3324 1171 3377 1216 et

1793 1239 2112 1311 disputare;
2142 1242 2303 1305 visio,
2339 1242 2568 1306 auditio,
2599 1245 2826 1311 locutio,
2867 1254 2920 1302 et
2950 1248 3261 1318 disputatio
3293 1253 3376 1307 di-

1792 1345 1965 1388 versae
1995 1333 2351 1402 operatioues
2385 1346 2544 1399 sunt;
2579 1345 2632 1391 et
2668 1353 3012 1410 unaqnmque
3043 1342 3236 1398 harum
3266 1346 3373 1402 alia

1791 1431 1874 1477 est
1908 1433 2107 1493 praeter
2143 1425 2332 1491 aliam,
2385 1438 2438 1482 et
2477 1426 2686 1484 Paulus
2738 1446 2845 1484 una
2899 1440 2983 1488 est
3035 1434 3372 1506 hypostasis,

1790 1529 1912 1583 quia)
1947 1515 2268 1573 habettotas
2297 1525 2538 1586 quatuor
2571 1522 2963 1590 Operationes;
2996 1541 3184 1581 verum
3209 1531 3374 1585 oculo

1791 1609 1960 1673 videt,
1991 1619 2045 1666 et
2072 1627 2178 1666 non
2211 1613 2314 1666 alia
2361 1625 2513 1683 parte
2555 1619 2838 1685 corporis,
2880 1621 3032 1675 audit
3072 1637 3228 1690 aure,
3262 1642 3371 1682 non

1791 1699 1898 1754 alio
1922 1702 2192 1768 membro,
2236 1713 2290 1758 et
2318 1703 2503 1773 lingua
2537 1705 2805 1775 loquitur,
2847 1718 2900 1763 et
2927 1727 3034 1766 non
3069 1714 3172 1768 alia
3203 1719 3374 1783 parti-

1792 1791 1936 1856 cula,
1969 1801 2023 1846 et
2056 1802 2238 1848 mente
2290 1795 2690 1862 ratiocinatur,
2736 1808 2789 1851 et
2825 1816 2930 1856 non
2978 1804 3087 1859 alio
3133 1807 3318 1877 aliquo
3357 1826 3371 1863 :

1795 1895 2136 1952 unaquaaque
2167 1891 2348 1938 autem
2375 1888 2753 1954 operationum
2777 1891 3249 1961 hypostaticarum
3278 1900 3376 1954 ha-

1794 1972 1884 2027 bet
1917 1975 2224 2029 naturalem
2278 1977 2331 2029 in
2393 1977 2674 2048 bypostasi
2731 1986 3030 2051 potentiam
3082 1993 3371 2050 materiam

1794 2062 2100 2133 subjectam
2148 2065 2393 2133 elfectui,
2435 2084 2599 2140 quem
2642 2072 2958 2144 hypostasis
3006 2091 3284 2148 operatur,
3319 2094 3373 2140 et

1792 2162 1876 2208 est
1937 2157 2081 2225 quod
2141 2158 2411 2227 emcitur,
2471 2164 2758 2234 proprium
2807 2167 3152 2239 hypostasis.
3216 2175 3372 2232 Sicut

1791 2245 2017 2314 Paulus,
2058 2249 2150 2318 qui
2197 2259 2282 2307 cst
2335 2253 2671 2324 hypostasis,
2720 2263 3020 2328 potentiam
3081 2266 3242 2322 habet
3289 2271 3370 2325 lo-

1792 2341 1995 2406 quendi
2047 2357 2145 2397 sua
2179 2345 2474 2411 voluntate,
2528 2351 2692 2406 sicuti
2733 2354 2936 2410 habent
2962 2372 3155 2416 omnes
3191 2361 3370 2418 homi-

1795 2445 1911 2486 nes.
1946 2430 2241 2491 Sermones
2294 2446 2474 2495 tamen
2534 2458 2674 2513 quos
2723 2445 2924 2503 Paulus
2957 2449 3225 2522 loquitur,
3261 2472 3369 2526 quo

1795 2528 2039 2591 tempore
2098 2526 2362 2597 loquitur,
2410 2535 2619 2605 proprii
2669 2548 2798 2593 sunt
2853 2541 3026 2598 Pauli.
3068 2546 3156 2601 Sic
3203 2548 3369 2621 igitur

1793 2623 1903 2662 non
1939 2621 2023 2668 est
2064 2617 2392 2687 negandum,
2435 2630 2702 2680 aeternum
2745 2627 2940 2686 Filium
2982 2642 3158 2690 totum
3191 2617 3368 2710 hypo-

1792 2703 1985 2762 stasim
2030 2720 2097 2760 ex
2146 2705 2436 2778 Trinitate,
2497 2716 2703 2774 habere
2750 2732 2876 2790 post
2928 2703 3364 2787 incarnationem

1791 2804 2046 2852 naturam
2097 2800 2361 2872 divinam,
2400 2807 2565 2862 sicuti
2609 2825 2751 2866 unus
2803 2811 2984 2880 Pater,
3029 2828 3080 2871 ct
3125 2819 3366 2890 Spiritus

1791 2898 2052 2958 sanctus;
2085 2900 2139 2949 et
2166 2903 2417 2950 naturam
2450 2899 2768 2968 humanam,
2797 2907 2959 2962 sicuti
2987 2919 3366 2987 unusquisque

1793 2981 1955 3037 homo
1983 2985 2361 3054 particularis,
2397 2992 2539 3046 sicut
2566 3002 2693 3050 ante
2721 2997 2983 3055 diximus.

1863 3075 1990 3133 Hac
2025 3095 2150 3135 cum
2197 3084 2277 3138 sic
2305 3084 2436 3152 sint,
2481 3087 2650 3145 habet
2700 3092 2884 3148 divina
2923 3106 3122 3154 natura
3166 3101 3220 3157 in
3262 3120 3366 3168 ,ιτ-

1711 3207 1754 3267 C
1789 3169 1996 3236 postasi
2039 3169 2184 3237 Filii,
2237 3182 2297 3228 ut
2345 3177 2416 3231 sit
2458 3185 2687 3235 materia
2745 3184 2948 3243 divinis
3003 3190 3121 3260 ejus
3175 3203 3362 3254 oneri-

1788 3262 2061 3331 bus(4l),
2099 3280 2218 3334 quae
2276 3271 2580 3326 secundum
2620 3290 2777 3331 suam
2822 3278 3222 3341 humanitatem
3269 3304 3359 3346 as-

1787 3358 2080 3418 sumptam,
2124 3366 2178 3408 ct
2230 3359 2532 3415 secundum
2583 3369 3062 3426 conversationem
3110 3375 3166 3430 in
3210 3384 3356 3433 terra

1785 3455 2041 3511 operatus
2073 3453 2177 3500 est.
2221 3445 2358 3504 Vere
2403 3451 2550 3506 enim
2591 3463 2644 3509 et
2700 3469 2894 3514 natura
2926 3462 3163 3521 humana
3213 3469 3359 3526 inest

1784 3532 1839 3586 in
1892 3535 2170 3605 hypostasi
2224 3543 2412 3596 aeterni
2461 3542 2586 3600 Filii
2642 3553 2874 3607 materia
2932 3556 3047 3612 suis
3094 3563 3353 3629 operibus

1786 3623 2063 3692 humanis,
2102 3645 2223 3699 quae
2255 3646 2378 3687 cum
2432 3635 2745 3697 hominibus
2790 3657 2984 3714 agens,
3028 3658 3082 3703 et
3120 3651 3175 3705 in
3209 3662 3355 3710 terra

1783 3730 2012 3775 versans
2053 3719 2200 3786 fecit,
2234 3722 2463 3780 etsunt
2501 3728 2621 3798 ejus
2661 3738 2882 3804 prapria
2924 3748 3123 3807 praeter
3160 3758 3353 3802 omnes

1784 3805 2050 3864 homines.
2081 3809 2281 3867 Eadem
2319 3816 2460 3873 ratio
2491 3828 2576 3875 est
2615 3829 2670 3876 et
2704 3824 2758 3879 in
2790 3805 3000 3886 duabus
3034 3831 3157 3901 ejus
3191 3845 3356 3892 natu-

1783 3898 1986 3954 ralibus
2017 3905 2442 3973 praprietatibus
2493 3921 2546 3966 et
2574 3915 2967 3976 voluntatibus.

1850 3990 2232 4052 Necessarium
2286 4009 2548 4069 praeterea
2589 4018 2670 4062 est
2724 4026 2833 4067 non
2880 4015 3194 4088 relinquere
3246 4023 3350 4080 hoc

1779 4083 1969 4140 lectori
2005 4088 2121 4145 sine
2151 4092 2537 4163 explicatione,
2576 4101 2722 4169 quod
2753 4119 2876 4160 cum
2913 4083 3149 4167 dicimus
3186 4125 3347 4171 aeter-

1779 4189 1908 4227 num
1937 4175 2134 4232 Filium
2164 4179 2367 4238 factum
2403 4201 2526 4243 esse
2574 4189 2852 4247 hominem
2877 4235 2908 4259 ,ν
2945 4196 3049 4253 hoc
3086 4202 3345 4272 dicimus,

1778 4266 1922 4335 quod
1981 4268 2316 4330 Athanasius
2363 4285 2419 4331 et
2470 4278 2711 4350 Cyrillus
2754 4283 3107 4346 Alexandrini
3169 4266 3352 4353 archi;

1777 4359 2043 4431 episc0pi,
2095 4375 2148 4420 et
2181 4381 2371 4423 omnes
2421 4373 2598 4427 sancti
2638 4372 2830 4432 Patres
2888 4379 3167 4450 dixerunt,
3222 4403 3346 4445 cum

1780 4449 2069 4509 fabricavit
2103 4458 2203 4513 sibi
2235 4475 2300 4514 ex
2333 4463 2632 4532 purissima
2681 4466 2905 4538 Virgine
2932 4471 3106 4529 Maria
3138 4482 3348 4536 anima-

99 4531 270 4594 ἀγνου
321 4529 544 4598 Μαρίας
568 4530 746 4599 ἑαυτῷ
769 4530 1153 4602 ὲψυχωμένην,
1186 4533 1410 4605 λογικήν
1465 4554 1524 4590 τε
1577 4539 1669 4593 καὶ

1782 4551 1888 4596 tum
1924 4553 1978 4598 et
2021 4548 2457 4619 ratiocinantem,
2501 4571 2564 4611 ac
2600 4558 2996 4630 intelligentem
3045 4567 3344 4627 humanam

99 4620 468 4692 ἱερὰνψυχὴν,
498 4621 630 4674 ίδίαν
655 4623 751 4692 τῆς
774 4623 968 4677 ἑαυτοῦ
988 4626 1338 4692 ὑποστάσεως
1359 4630 1670 4701 ἐποιήσατο,

91 4707 171 4771 ὼς
209 4710 240 4777 η
271 4709 364 4762 τοῦ
397 4708 566 4771 δεῖνος
622 4710 757 4778 σάρξ
777 4727 836 4763 τε
872 4713 966 4765 καὶ
1007 4713 1172 4784 ψυχὴ,
1205 4717 1305 4786 τῆς
1363 4718 1455 4771 τοῦ
1503 4719 1673 4784 δεῖνος

94 4801 448 4864 ὑποστάσεως
479 4801 581 4853 ίδία
606 4802 962 4874 καθέστηκεν.
995 4808 1090 4857 Ὃν
1113 4804 1206 4861 οὖν
1225 4809 1424 4878 τρόπον
1455 4810 1664 4879 όδεῖνα,

91 4894 119 4943 ὁ
156 4893 314 4962 σῶμα
375 4892 714 4964 ἀνθρώπινον
772 4895 909 4965 ἔχων
935 4898 1030 4949 καὶ
1069 4898 1248 4967 ψυχὴν
1293 4901 1663 4972 ἀνθρωπίνην,

90 4979 378 5052 ἄνθρωπός
409 4983 556 5036 ἑστιν
580 5001 591 5013 ’
617 4984 706 5036 τὸν
729 4985 889 5038 αὑτὸν
911 4987 1154 5057 τρόπονό
1180 4989 1349 5054 ἀΐδιος
1379 4991 1525 5058 Υἱὸς,
1555 4996 1664 5048 κτί-

94 5088 191 5134 σας
216 5077 280 5142 τῇ
309 5075 501 5127 ἑαυτοῦ
525 5077 825 5131 ὑποστάσει
855 5079 1016 5149 σῶμα
1034 5082 1405 5152 ἀνθρώπινον,
1436 5087 1529 5139 καὶ
1556 5087 1659 5156 ψυ-

89 5163 189 5230 χὴν
220 5164 595 5236 ἀνθρωπίνην,
627 5171 720 5219 καὶ
747 5169 853 5222 ἴδια
875 5169 1040 5223 αὑτοῦ
1068 5171 1233 5242 ἄμφω
1263 5177 1654 5247 ποιησάμενος,

88 5255 309 5320 γέγονεν
345 5256 558 5328 ἀληθῶς
616 5259 919 5329 ἅνθρωπος.
946 5262 1158 5335 ’Ὠσπερ
1178 5265 1233 5318 δὲ
1259 5267 1320 5319 τὸ
1348 5268 1440 5321 τοῦ
1489 5271 1660 5335 δεῖνος

90 5350 243 5416 ςῶμα
279 5351 370 5400 καὶ
397 5349 429 5417 ἡ
459 5347 604 5421 ψυχὴ
656 5351 941 5422 ἀμφότερα
973 5355 1070 5423 τῆς
1089 5357 1282 5409 ἑαυτοῦ
1313 5358 1658 5426 ὑποστάσεως

1777 4648 2026 4704 carnem,
2086 4641 2251 4696 etiam
2299 4643 2595 4703 humanam
2655 4651 3047 4724 intelligentem
3107 4663 3346 4719 animam

1776 4728 2052 4794 propriam
2109 4748 2220 4788 sua:
2279 4735 2590 4806 hypostasis
2642 4741 2798 4811 fecit,
2855 4748 3016 4804 sicuti
3058 4753 3346 4822 cujusdam

1773 4832 1901 4872 caro
1951 4827 2004 4873 et
2056 4822 2235 4876 anima
2264 4827 2550 4895 cujusdam
2597 4832 2912 4904 hypostasis
2937 4840 3050 4896 sive
3094 4858 3345 4912 persona:

1771 4912 1990 4981 propria
2041 4922 2144 4969 est.
2193 4915 2350 4972 Sicut
2402 4920 2570 4991 igitur
2607 4927 2859 4996 quidam,
2910 4934 3001 5000 qui
3051 4950 3246 5006 corpus
3290 4951 3347 4994 et

1772 5001 2008 5055 animam
2041 5003 2202 5074 377
2249 5007 2430 5072 habet,
2481 5011 2646 5068 homo
2685 5026 2788 5082 cst,
2837 5020 2902 5074 ad
2935 5027 3184 5079 eumdem
3219 5044 3339 5082 mo-

1770 5094 1897 5146 dum
1925 5101 2167 5151 aeternus
2201 5097 2396 5166 Filius,
2436 5099 2742 5161 fabricatus
2765 5110 2869 5163 sibi
2915 5127 3116 5180 corpus
3150 5116 3343 5171 Imma-

1768 5201 1918 5250 nutn,
1963 5195 2016 5241 et
2053 5187 2290 5242 animam
2326 5190 2646 5259 humanam,
2680 5209 2732 5252 et
2779 5202 2941 5257 ambo
2981 5209 3202 5276 propria
3236 5211 3340 5265 sibi

1763 5276 1988 5343 faciens,
2030 5279 2208 5333 factus
2240 5289 2326 5335 est
2357 5297 2484 5338 vere
2528 5285 2715 5345 homo.
2749 5290 2903 5346 Sicut
2945 5296 3112 5364 igitur
3135 5313 3338 5370 corpus

1764 5373 1815 5418 et
1841 5368 2022 5421 anima
2056 5367 2335 5436 cujusdam
2371 5382 2600 5443 utraque
2648 5387 2774 5432 sunt
2810 5386 3034 5453 propria
3077 5401 3189 5440 suae
3225 5367 3343 5456 per-

1584 5511 1811 5570 ΝΟΤᾸΞ.

156 5585 484 5664 (Miseltol.
513 5589 670 5664 Turr.
706 5589 858 5644 Sicut
883 5597 1125 5664 polentia
1145 5605 1228 5652 est
1253 5600 1496 5664 subjecta
1531 5605 1649 5660 suis

86 5658 494 5742 operationibus
537 5661 589 5711 in
629 5658 906 5740 liypostas'i
962 5663 1221 5742 humana,
1273 5658 1443 5722 sic—in
1480 5658 1649 5742 hypo-

86 5725 214 5798 sinsi
245 5727 426 5778 uivina
456 5727 576 5780 Filii
611 5725 790 5804 divina
833 5743 1025 5786 natura
1077 5725 1322 5804 subjecta
1354 5750 1468 5792 erat
1503 5725 1644 5796 dirui-

87 5790 168 5846 ηις
200 5797 609 5861 operationibus
643 5817 654 5850 :
690 5800 924 5854 humana
965 5821 1091 5857 vero
1133 5790 1325 5862 natura
1363 5810 1411 5861 in
1447 5813 1635 5866 eadem

405 5887 670 5947 Parnm.
724 5891 837 5954 Gr.
889 5895 1120 5956 XCV”.

1763 5607 2040 5690 liypnoslasi
2078 5614 2273 5690 divina
2300 5619 2544 5690 subjecta
2592 5624 3011 5690 operationibus
3054 5628 3327 5690 humanis.

1763 5676 1970 5757 [iacitur
1999 5691 2192 5757 natura
2222 5676 2415 5741 divina.
2449 5676 2696 5753 materia,
2736 5695 2785 5747 id
2817 5676 2919 5757 est,
2955 5698 3129 5752 instar
3160 5676 3332 5754 mare-'-

1759 5749 1872 5813 riac,
1910 5761 1961 5803 et
2007 5754 2239 5820 subjecti
2278 5749 2834 5834 sec_unduurtnodum
2871 5749 3329 5834 appreltcnsioni;

1752 5830 1974 5884 nostrae,
2013 5835 2064 5874 ut
2099 5838 2322 5883 sanctus
2353 5827 2549 5883 Tltnn.
2586 5831 2727 5902 loqui
2768 5827 2925 5889 solet:

2933 5931 3008 5991 1:8
