4086 6454
141 405 271 471 1517

1533 399 1825 461 OPUSCU
1835 400 1952 460 LA.

3253 393 3390 461 1518

136 526 335 596 τρόπον
361 540 375 555 ο
420 525 448 577 6
485 525 666 593 μέντοι
700 522 869 585 ἀΐδιος
910 520 1039 584 Υἱὸς
1079 522 1179 591 οὐχ
1231 520 1528 573 ὑποστάσει
1570 519 1713 582 τινὸς

1818 530 2038 572 carnem
2059 522 2114 571 et
2136 515 2375 570 animam
2406 515 2512 571 sibi
2538 514 2856 584 assumpsit,
2886 522 2943 568 et
2974 522 3203 584 utraque
3262 516 3390 571 fecit

135 616 246 667 τὼν
282 613 584 684 ἀνθρώπων
618 612 831 683 ἔχοντος
861 612 1021 683 σῶμα
1048 612 1141 664 καὶ
1176 611 1352 682 ψυχὴν
1375 612 1705 682 ὲνηρμόσθη,

136 708 193 759 ἁ)
206 706 251 758 λ’
276 704 457 774 ἑαυτῷ
484 705 663 775 σάρκα
696 704 793 758 καὶ
824 703 1003 775 ψυχὴν
1037 702 1385 773 ἀνθρωπίνην
1421 703 1711 773 προσειλη-

136 796 275 867 φὼς,
307 798 402 849 καὶ
440 796 862 864 οἰκειωσάμενος
902 794 1192 864 ἀμφότερα
1226 793 1327 863 τῆς
1357 793 1711 854 ὑποστάσεως

133 887 301 940 αὑτοῦ
336 888 435 940 οὐκ
466 886 641 949 ἄλλως
683 885 1035 939 παντάπασιν
1066 886 1361 954 ἐποιήσατο
1383 924 1398 945 ,
1432 883 1621 954 ὥσπερ
1650 882 1711 934 τὸ

134 978 228 1032 τοῦ
277 978 524 1031 Ἰωάννου
570 977 760 1046 σῶμα,
797 979 893 1028 καὶ
922 978 954 1046 ἡ
983 974 1129 1046 ψυχὴ
1177 974 1270 1027 τοῦ
1325 974 1573 1027 Ἰωάννου
1609 974 1710 1025 οὑκ

134 1070 299 1124 ἄλλου
340 1069 603 1138 ὑπῆρχεν.
645 1068 739 1121 καὶ
774 1071 916 1122 κατά
956 1068 1115 1120 τοῦτο
1146 1068 1365 1135 γέγονε,
1408 1068 1504 1119 καὶ
1539 1066 1711 1128 ἀΐδιος

135 1162 265 1224 Υἱὸς
312 1160 387 1223 ὡς
427 1154 506 1222 εἷς
552 1158 660 1212 τῶν
700 1158 1029 1227 ἀνθρώπων.
1064 1159 1334 1229 Καθάπερ
1377 1157 1434 1210 δὲ
1484 1157 1582 1227 τῆς
1616 1154 1710 1209 τοῦ

148 1253 397 1305 Ἰωάννου
422 1251 599 1320 ψυχῆς
618 1251 725 1304 ἀπὸ
745 1250 839 1303 τοῦ
873 1250 1003 1303 ἰδίου
1039 1249 1291 1320 σώματος
1325 1247 1711 1318 χωρισθείσης,

132 1343 299 1405 αὑτὸς
327 1344 355 1395 6
396 1342 652 1411 Ἰωάννης
689 1342 837 1394 ἐστὶν
870 1342 899 1392 6
930 1340 1208 1411 τεθνηκὼς
1234 1378 1249 1403 ,
1275 1335 1335 1393 οὗ
1376 1341 1409 1409 η
1441 1338 1584 1408 ψυχὴ
1619 1337 1713 1390 καὶ

132 1433 198 1487 τὸ
233 1433 394 1502 σῶμα
421 1432 491 1485 τά
530 1434 917 1502 κεχωρισμένα
951 1432 1087 1484 ἴδια·
1121 1430 1264 1483 οὑτω
1295 1431 1395 1499 τῆς
1434 1430 1681 1501 ἀνθρωπί

133 1540 236 1593 νης
257 1522 351 1575 τοῦ
394 1522 565 1575 ἀϊδίου
611 1522 743 1575 Υἰοῦ
773 1522 955 1592 ψυχῆς
987 1522 1095 1575 ἀπὸ
1139 1521 1233 1573 τοῦ
1267 1520 1517 1588 σώματος
1547 1518 1712 1573 αὑτοῦ

133 1612 499 1684 χωρισθείσης
525 1654 540 1677 ,
585 1613 746 1674 αὑτὸς
773 1615 802 1665 6
833 1613 1001 1674 ἀΐδιος
1032 1611 1297 1679 τέθνηκεν
1344 1611 1491 1673 Υἱὸς,
1526 1609 1712 1679 ἐπειδὴ

132 1706 253 1758 ἐκεῖ
274 1704 375 1757 οὑκ
414 1699 484 1774 ἦν
524 1703 822 1765 ὑπόστασις
870 1702 1033 1772 ἑτέρα
1080 1702 1354 1773 παρεκτὸς
1398 1700 1493 1753 τοῦ
1540 1701 1712 1753 ἀϊδίου

131 1793 265 1848 Υίοῧ
288 1794 551 1864 ἐσχηκυῖα
573 1792 730 1862 σῶμα
748 1793 841 1845 καὶ
856 1792 1058 1861 ψυχὴν,
1081 1786 1155 1845 ὧν
1176 1791 1392 1858 ἐγένετο
1413 1789 1710 1860 χωρισμὸς,

132 1887 224 1940 ίνα
253 1885 475 1956 λογισθῇ
494 1887 591 1955 τῆς
616 1884 965 1947 ὑποστάσεως
997 1884 1212 1954 ἐκείνης
1241 1886 1269 1936 6
1297 1882 1522 1946 θάνατος
1548 1877 1707 1935 εἶναι.

142 1978 286 2031 Ἀλλ’
306 1981 334 2031 6
365 1977 463 2046 μὲν
510 1976 765 2047 Ἰωάννης
796 1977 894 2046 τῆς
920 1975 1098 2045 ψυχῆς
1131 1974 1297 2029 αὑτοῦ
1346 1975 1711 2046 χωρισθείσης

130 2069 244 2122 ἀπὸ
281 2066 374 2120 τοῦ
413 2067 545 2120 ἰδίου
583 2066 833 2136 σώματος
878 2066 1139 2135 τέθνηκεν
1173 2068 1265 2118 καὶ
1305 2066 1615 2121 ἀπόλωλεν·
1646 2066 1708 2119 οὑ

130 2161 244 2231 γὰρ
293 2158 570 2220 παντελῶς
613 2153 714 2228 ἦν,
755 2160 803 2208 εἰ
846 2157 920 2227 μὴ
959 2161 1023 2210 ὲκ
1067 2158 1358 2227 συναφείας
1394 2157 1572 2227 ψυχῆς
1616 2157 1710 2210 καὶ

134 2252 389 2324 σώματος
415 2267 429 2281 ·
471 2254 498 2304 6
526 2251 581 2303 δὲ
610 2249 939 2320 προαιώνιος
969 2250 1064 2302 καὶ⁴
1105 2249 1182 2320 τῷ
1221 2250 1396 2320 Πατρὶ
1442 2249 1709 2321 σύναρχος

130 2345 232 2398 καὶ
276 2342 544 2404 συναϊδιος
582 2343 704 2405 Υἱὸς
735 2342 832 2411 τῆς
868 2340 1214 2413 ἀνθρωπίνης
1271 2342 1466 2395 ἑαυτοῦ
1507 2342 1707 2411 ψυχῆς,

132 2435 246 2489 ἀπὸ
271 2434 363 2487 τοῦ
402 2434 531 2487 ἰδίου
564 2433 756 2487 ἑαυτοῦ
791 2432 1041 2502 σώματος
1066 2433 1446 2503 χωρισθείσης,
1472 2433 1711 2487 ἀπέθανε

136 2528 239 2597 μὲν
289 2525 555 2598 ἀληθείᾳ·
606 2527 739 2579 διότι
792 2526 853 2579 τὸ
896 2525 1073 2595 σῶμα,
1131 2526 1225 2579 καὶ
1266 2529 1297 2595 ἡ
1348 2526 1514 2595 ψυχὴ,
1567 2527 1711 2596 ὅπερ

132 2616 547 2690 διεζεύχθησαν,
580 2619 718 2671 αὑτά
744 2619 845 2671 οὑκ
874 2617 1038 2687 ἄλλης
1070 2618 1416 2681 ὑποστάσεως
1448 2614 1609 2690 ἦσαν,
1637 2618 1712 2681 ὡς

134 2709 384 2780 ἕφθημεν
423 2712 701 2772 εἰπόντες*
749 2710 847 2761 οὑκ
885 2709 1129 2762 ἀπώλετο
1168 2710 1262 2773 δὲ,
1301 2710 1600 2780 ἐπειδήπερ
1644 2706 1712 2781 ἦν

135 2803 225 2854 ἀεὶ
248 2840 263 2864 ,
296 2802 400 2871 πρὸ
424 2801 517 2852 τοὺ
552 2800 832 2870 εἰληφέναι
868 2800 1073 2871 ταύτην
1114 2800 1211 2872 τὴν
1244 2801 1423 2870 ψυχὴν
1443 2841 1458 2866 ,
1488 2802 1584 2855 καὶ
1616 2801 1713 2871 τὴν

137 2894 340 2963 σάρκα.
372 2894 527 2945 Κατὰ
543 2892 728 2945 τοῦτον
754 2892 818 2963 δὴ
852 2893 943 2945 τὸν
970 2892 1170 2963 τρόπον
1196 2892 1463 2946 ἀπέθανεν
1492 2896 1519 2946 6
1546 2895 1713 2959 ἀΐδιος

136 2984 269 3045 Υἱος
304 2983 441 3052 ὑπὲρ
472 2982 627 3051 ἡμῶν
664 2980 914 3051 ἀληθείᾳ,
950 2980 1281 3051 μεμενηκὼς
1311 2982 1440 3046 ζῶν,
1469 2979 1583 3047 οἶος
1601 2980 1669 3055 ἦν
1695 3000 1709 3014 ⁸

1813 607 2031 677 propria
2066 622 2181 662 sua:
2230 606 2562 676 hypostasis,
2606 607 2721 661 sive
2779 619 3063 676 personae;
3094 620 3195 662 nec
3229 607 3392 662 aliter

1811 700 2039 753 omnino
2055 696 2203 763 fecit,
2218 697 2382 752 sicuti
2400 712 2603 766 corpus
2617 706 2670 751 et
2685 698 2863 751 anima
2874 694 3125 761 Joannis,
3140 712 3247 750 non
3263 698 3395 752 alte-

1814 790 1928 843 rius
1956 789 2077 843 fuit.
2099 788 2393 859 Atquehac
2418 789 2628 842 ratione
2654 787 2753 841 fuit
2781 797 3021 844 aeternus
3041 789 3215 842 Filius
3245 789 3393 844 sicut

1813 898 1958 935 unus
1979 896 2009 935 e
2032 895 2264 935 numero
2288 880 2588 934 hominum.
2615 879 2768 935 Sicut
2790 888 2994 943 autem,
3019 882 3201 934 anima
3224 879 3393 934 Joan-

1816 971 1904 1024 nis
1932 986 1961 1022 a
1982 985 2214 1041 corpore
2242 984 2344 1024 suo
2373 968 2643 1037 sejuncta,
2691 970 2808 1038 ipse
2856 968 3101 1024 Joannes
3133 980 3219 1023 est
3248 983 3396 1022 mor-

1814 1069 1958 1124 tuus,
1992 1063 2151 1131 cujus
2203 1061 2384 1114 anima
2412 1072 2463 1115 et
2515 1075 2741 1129 corpus,
2792 1075 2914 1130 qua:
2952 1067 3206 1130 separata
3242 1066 3389 1115 sunt.

1818 1153 2036 1223 prOpria
2065 1163 2242 1219 erant,
2276 1154 2356 1208 sic
2382 1153 2620 1207 humana
2642 1151 2830 1206 azterni
2854 1150 2977 1205 Filii
3004 1151 3186 1206 anima
3211 1166 3240 1204 a
3266 1165 3393 1206 cor-

1818 1259 1947 1314 pore
1977 1259 2080 1300 suo
2110 1252 2383 1314 separata,
2411 1245 2529 1313 ipse
2551 1252 2792 1299 aeternus
2820 1244 2991 1299 Filius
3010 1253 3264 1299 mortuus
3287 1253 3391 1303 est.

1814 1336 1938 1407 quia
1975 1352 2083 1391 non
2125 1345 2244 1390 erat
2273 1337 2387 1390 illic
2418 1344 2618 1406 praeter
2654 1336 2997 1407 hypostasim
3028 1336 3222 1390 aeterni
3244 1335 3390 1399 Filii,

1814 1428 1920 1481 alia
1950 1427 2287 1496 hypostasis,
2317 1442 2439 1495 qua:
2487 1426 2771 1482 habuisset
2802 1442 3006 1496 corpus
3050 1434 3106 1482 et
3133 1427 3392 1487 animam.

1815 1532 2047 1587 tutorum
2082 1526 2166 1572 est
2214 1517 2355 1572 facta
2417 1518 2719 1586 separatio,
2756 1527 2814 1571 ut
2850 1518 3001 1573 illius
3050 1508 3400 1587 hypostasis.

1815 1609 1927 1662 sive
1984 1622 2232 1676 persona:
2290 1623 2440 1661 mors
2485 1622 2609 1661 esse
2646 1613 3010 1676 reputaretur.
3046 1604 3288 1661 Joannes
3311 1616 3396 1660 ta--

1817 1715 1962 1763 tuen,
2013 1702 2196 1754 anima
2242 1714 2273 1753 a
2304 1716 2537 1766 corpore
2568 1716 2670 1754 suo
2696 1709 2974 1769 separata,
3010 1708 3261 1755 mortuus
3285 1710 3393 1765 est,

1816 1800 1869 1845 et
1902 1792 2135 1855 interiit,
2193 1806 2542 1860 nequaquam
2568 1793 2713 1844 enim
2752 1798 2872 1845 erat
2904 1792 3010 1845 nisi
3051 1806 3117 1846 ex
3164 1777 3397 1862 conjun—

1815 1882 1997 1937 ctione
2024 1883 2221 1936 anima‘.
2240 1891 2293 1936 et
2325 1882 2577 1951 corporis
2606 1902 2616 1935 :
2643 1882 2734 1951 qui
2766 1897 2897 1937 vero
2912 1890 2998 1938 est
3027 1893 3154 1939 ante
3172 1885 3392 1947 saecula,

1814 1983 1981 2031 etest
2038 1989 2162 2028 cum
2229 1976 2390 2029 Patre
2413 1991 2475 2028 ex
2508 1975 2837 2039 aeternitate,
2896 1983 3151 2044 separata
3210 1977 3393 2032 anima

1815 2066 1935 2135 ejus
1991 2066 2229 2119 humana
2257 2081 2285 2119 a
2322 2066 2545 2136 proprio
2601 2081 2854 2137 corpore,
2887 2080 3141 2123 mortuus
3170 2069 3393 2138 quidem

1815 2166 1899 2213 est
1951 2173 2096 2222 vere,
2140 2159 2271 2228 quia
2303 2173 2507 2227 corpus
2545 2167 2599 2212 et
2628 2160 2809 2212 anima
2840 2158 3113 2226 disjuncta
3157 2168 3308 2223 sunt,
3342 2170 3397 2215 et

1816 2251 1934 2320 ipsa
1960 2266 2067 2305 non
2089 2260 2247 2305 erant
2278 2250 2419 2305 alius
2446 2250 2777 2320 hypostasis,
2806 2251 2950 2306 sicut
2970 2260 3097 2307 ante
3127 2253 3392 2319 diximus;

1811 2357 1920 2397 non
1946 2349 2125 2396 tamen
2153 2341 2431 2396 interitum
2464 2341 2632 2411 cepit,
2659 2342 2788 2410 quia
2823 2352 2943 2395 erat
2979 2358 3197 2413 semper
3232 2352 3394 2398 ante-

1810 2450 1970 2504 quam
2002 2434 2143 2488 hanc
2178 2434 2414 2487 animam
2461 2441 2515 2488 et
2544 2449 2750 2504 corpus
2784 2442 3116 2489 assumeret.
3146 2436 3224 2489 Ad
3251 2437 3396 2490 hunc

1814 2523 2032 2579 modum
2070 2532 2309 2578 aeternus
2339 2521 2513 2577 Filius
2541 2539 2640 2592 pro
2660 2525 2820 2579 nobis
2853 2540 2978 2579 vere
3013 2534 3265 2581 mortuus
3289 2536 3393 2591 est,

1814 2633 2045 2673 manens
2110 2617 2289 2680 vivus,
2328 2624 2385 2669 ut
2430 2625 2585 2671 erat;
2651 2617 2909 2687 factaque
2962 2628 3047 2671 est
3094 2619 3399 2687 redemptio

1821 2718 2006 2763 nostra
2063 2724 2171 2762 non
2196 2709 2251 2761 in
2285 2720 2460 2762 morte
2490 2723 2738 2778 persona:
2767 2709 3001 2779 alicujus
3051 2712 3312 2773 hominis,
3345 2718 3402 2762 ut

1820 2800 2032 2855 scilicet
2070 2799 2299 2854 Joannis
2332 2800 2591 2868 Baptista:
2614 2839 2632 2867 ,
2667 2800 2762 2855 sed
2791 2800 2845 2855 in
2875 2811 3047 2856 mortc
3083 2804 3271 2856 aeterni
3305 2802 3397 2856 Fi-

1821 2894 1899 2957 lii,
1935 2908 2031 2945 uec
2065 2893 2177 2945 ullo
2224 2892 2575 2946 incommodo
2640 2893 2770 2946 hinc
2795 2893 2844 2947 ei
2881 2893 3036 2947 illato
3084 2911 3096 2946 :
3134 2896 3213 2949 sic
3239 2894 3399 2964 igitur

1820 2986 1887 3037 de
1920 2992 2089 3035 morte
2120 2982 2304 3036 wtertii
2343 2981 2461 3036 Filii
2489 2984 2837 3038 sentiendum
2871 2994 2974 3039 est.
3242 2988 3245 2991 ’

135 3074 234 3123 καὶ
289 3076 510 3138 γέγονεν
554 3072 586 3140 ἠ
626 3069 895 3141 λύτρωσις
952 3070 1110 3139 ἡμῶν
1156 3071 1256 3125 οὑκ
1298 3073 1356 3123 ἐν
1402 3073 1614 3144 θανάτῳ
1667 3075 2018 3129 ὑποστάσεων
2070 3072 2212 3133 τινὸς
2260 3071 2369 3123 τῶν
2439 3072 2765 3143 ἀνθρώπων,
2823 3074 2899 3137 ὡς
2942 3075 3101 3145 δῆθεν
3152 3076 3397 3131 Ἰωάννου

135 3164 235 3215 τοῦ
265 3163 596 3223 Βαπτιστοὺ,
636 3164 750 3215 ἀλλ’
781 3166 839 3216 ὲν
888 3164 967 3233 τῷ
1013 3163 1110 3216 τοῦ
1159 3165 1328 3217 ἀϊδίου
1394 3165 1524 3219 Υἱοῦ
1572 3169 1814 3239 θανάτῳ,
1871 3166 2129 3236 οὐδεμιᾶς
2196 3164 2451 3220 ἐντεῦθεν
2496 3167 2647 3237 αὑτῷ
2702 3168 2905 3239 ζημίας
2956 3170 3399 3242 ἐπεισελθούσης⁹

133 3255 282 3308 οὑτω
313 3256 512 3314 τοίνυν,
544 3248 780 3317 ιῖὲοῦτοι,
812 3254 1035 3323 γέγονεν
1063 3256 1092 3307 6
1128 3256 1221 3308 τοῦ
1248 3256 1416 3310 ἀϊδίου
1444 3257 1693 3321 θάνατος.

216 3351 402 3410 Ὅστις
456 3344 548 3399 οὖν
594 3348 741 3399 ἐστιν
792 3348 1075 3417 νουνεχὴς,
1115 3346 1341 3400 δὺναται
1388 3348 1486 3418 τὴν
1529 3348 1713 3401 ἑαυτοί

1900 3345 2226 3414 Quicunque
2248 3345 2417 3415 igitur
2451 3346 2615 3400 habet
2636 3346 2879 3401 animum
2918 3357 3401 3420 attentum,pote.~t

138 3439 376 3509 θεωρίαν
402 3437 708 3508 ἐμϐαθῆναι
773 3439 907 3490 πᾶσι
958 3440 1067 3500 τοῖς
1090 3441 1169 3500 είς
1217 3439 1253 3492 ἃ
1314 3442 1720 3510 κεχρημάτικεν

138 3532 314 3602 αὐτῷ,
344 3530 651 3600 ἀνθρώποις
668 3531 712 3563 ⁸⁸
739 3571 753 3596 ,
790 3532 885 3585 καὶ
917 3529 1126 3597 γνῶναι
1159 3531 1275 3594 πῶς
1306 3532 1541 3599 ἐγένετο.
1580 3535 1719 3587 Ὅσα

139 3626 254 3695 γάρ
304 3627 418 3677 ἐστι
448 3622 541 3676 τοῦ
566 3623 797 3678 θανάτου
826 3666 839 3686 ,
888 3624 997 3676 τῶν
1043 3623 1398 3695 ἀνθρωπίνων
1429 3643 1542 3687 πως
1571 3626 1719 3695 ἥττω

139 3711 422 3779 τυγχάνει.
454 3710 515 3762 Εἰ
550 3710 656 3779 γὰρ
682 3713 709 3762 6
740 3710 967 3772 θάνατος
1006 3710 1241 3781 ἁρμόζει
1285 3713 1379 3763 ἐπὶ
1408 3710 1503 3764 τοῦ
1548 3712 1717 3765 ἀϊδίου

144 3801 279 3856 Υἰοὺ
312 3800 605 3867 λέγεσθαι,
634 3799 754 3852 καθ’
800 3800 857 3851 ὃν
889 3800 1101 3871 ἔφημεν
1140 3802 1361 3871 τρόπον,
1404 3802 1611 3866 πάθους
1656 3804 1718 3856 οὑ

143 3892 628 3963 προσπελάσαντος
667 3892 831 3945 αὑτοῦ
860 3895 927 3962 τῇ
968 3892 1183 3962 θεότητι
1206 3932 1223 3958 ,
1252 3894 1319 3946 τὰ
1351 3895 1520 3965 χωρὶς
1561 3894 1721 3949 θανά-

141 4001 239 4037 του
265 3984 371 4036 άπὸ
397 3983 505 4036 τῶν
533 3982 886 4052 ἀνθρωπίνων
920 3985 1187 4055 προσήκει
1210 3985 1410 4054 μᾶλλον
1435 3988 1523 4039 ἐπ’
1551 3986 1718 4039 αὑτοῦ

143 4073 425 4139 λέγεσθαι,
468 4073 693 4142 μηδενὸς
724 4077 789 4144 τῇ
818 4074 982 4128 αὑτοῦ
1024 4075 1237 4147 θεότητι
1269 4079 1717 4147 προσαπτομένου

146 4164 492 4234 παθήματος.
524 4163 734 4217 Οὐκοῦν
758 4164 929 4218 ταῦτα
946 4168 1015 4218 τὰ
1035 4166 1349 4237 ἀνθρώπινα
1372 4169 1512 4222 καθά
1542 4169 1722 4239 προεί-

148 4256 426 4326 ρηται,τῷ
455 4254 607 4323 ἀϊδίῳ
624 4254 759 4324 Υἰῷ,
788 4256 845 4318 ὃς
871 4257 1017 4309 ἐστιν
1040 4259 1069 4310 6
1092 4259 1344 4329 Χριστὸς,
1371 4261 1719 4330 συμϐέϐηκεν

148 4347 292 4414 μετα
334 4345 432 4413 τὴν
472 4345 667 4398 ἑαυτοῦ
707 4347 1158 4419 ὲνανθρώπησιν,
1189 4352 1278 4403 ὅτε
1320 4351 1571 4416 θάνατος,
1625 4354 1720 4406 καὶ

148 4429 322 4487 τᾶλλα
371 4437 469 4487 ὅσα
531 4439 644 4498 τοῖς
698 4438 863 4507 ἱεροῖς
925 4440 1275 4508 Εὑαγγελίοις
1317 4443 1718 4514 ἐγγέγραπται.

161 4524 327 4577 Ἀλλά
359 4525 619 4595 μηδαμῶς
654 4528 1016 4594 ὑποληπτέον,
1053 4531 1215 4583 αὑτὸν
1243 4533 1720 4604 ὑπομεμενηκέναι

146 4631 206 4667 τι
230 4615 431 4667 τούτων
456 4617 670 4686 ἀνάγκη
716 4618 775 4671 τὸ
815 4620 1101 4687 παράπαν,
1135 4620 1253 4673 ἀλλ’
1301 4623 1533 4692 ἑκουσίῳ
1559 4623 1719 4693 θελή-

1824 3438 2338 3507 contemplationem
2385 3453 2541 3493 suam
2600 3437 2863 3494 adhibere
2915 3440 3082 3511 379
3139 3443 3397 3500 omnibus

1820 3531 1951 3593 illis,
1983 3545 2105 3599 quae
2137 3530 2190 3584 in
2222 3544 2288 3585 eo
2318 3539 2585 3584 vocantur
2640 3531 2878 3585 humana
2902 3572 2917 3596 ,
2952 3542 3006 3586 et
3064 3548 3397 3601 cOgnoscere

1820 3622 2093 3690 quomodo
2151 3620 2292 3674 facta
2338 3620 2581 3676 fuerunt.
2639 3621 2988 3693 Qumcunque
3058 3628 3202 3678 enim
3265 3637 3398 3681 sunt

1821 3711 2032 3774 mortis,
2060 3708 2269 3763 minora
2305 3720 2455 3775 sunt,
2484 3726 2647 3780 quam
2673 3727 2796 3782 quae
2835 3713 3098 3768 dicuntur
3130 3717 3397 3773 humana.

1823 3800 1881 3855 Si
1913 3801 2058 3855 enim
2119 3815 2267 3857 mors
2303 3810 2427 3871 apte
2482 3802 2692 3858 dicitur
2722 3806 2911 3859 aeterni
2944 3805 3090 3872 Filii,
3130 3810 3389 3862 εἱειειει-

1828 3893 2088 3962 plicatum
2119 3900 2227 3958 est,
2267 3908 2373 3948 non
2408 3896 2752 3965 pertingente
2783 3899 3039 3968 passione
3069 3898 3123 3952 in
3147 3900 3403 3954 divinita-

1820 3992 1926 4038 tem
1953 4002 1967 4049 ;
1996 4000 2119 4052 quae
2144 3995 2272 4039 sunt
2301 3987 2437 4039 citra
2463 3999 2695 4043 mortem
2728 3989 2988 4053 humana,
3020 3992 3197 4045 multo
3230 3995 3403 4063 magis

1820 4078 2097 4139 convenit,
2137 4086 2199 4131 ut
2220 4076 2289 4131 de
2319 4091 2384 4131 eo
2410 4078 2686 4144 dicantur,
2730 4080 2878 4133 nulla
2916 4083 3170 4150 passione
3195 4084 3401 4139 divini-

1824 4174 1993 4220 tatem
2038 4167 2162 4236 ejus
2214 4171 2538 4238 attingentc.
2573 4169 2695 4224 Haec
2736 4173 2909 4241 igitur
2940 4175 3200 4238 humana,
3259 4175 3404 4231 sicut

1817 4256 2025 4310 dictum
2074 4267 2159 4311 est
2210 4260 2385 4325 prius,
2433 4270 2638 4316 aeterno
2670 4261 2829 4327 Filio,
2860 4266 2954 4334 qui
3002 4276 3086 4320 est
3114 4264 3400 4343 Christus,

1821 4349 2145 4435 acciderunt
2188 4360 2310 4420 post
2334 4368 2558 4407 carnem
2604 4365 2966 4427 assumptam,
3000 4375 3149 4414 mors
3184 4362 3404 4419 scilicet

1818 4449 1873 4496 et
1902 4442 2006 4495 alia
2038 4451 2380 4514 quaecunque
2427 4449 2480 4498 in
2516 4447 2827 4515 Evangeliis
2863 4452 3070 4522 scripta
3105 4462 3257 4508 sunt.
3293 4455 3401 4511 Sed

1820 4547 2167 4602 nequaquam
2217 4537 2643 4591 existimandum
2715 4547 2800 4593 est
2854 4542 3151 4612 quidquam
3201 4545 3397 4599 horum

1822 4625 2137 4679 necessario
2166 4628 2391 4681 omnino
2410 4630 2767 4696 sustinuisse,
2809 4634 2906 4687 sed
2938 4636 3267 4701 voluntarie,
3290 4638 3401 4692 nisi

150 4722 319 4773 ματι·
348 4705 486 4773 πλὴν
532 4708 614 4759 ὅτι
653 4708 817 4777 ἡνίκα
853 4710 1026 4764 ταῦτα
1066 4712 1258 4765 παθεῖν
1283 4712 1551 4775 ἐϐούλετο,
1601 4732 1713 4768 συν·

1827 4714 1971 4782 quod
2003 4715 2222 4783 quando
2248 4719 2461 4772 volehat
2493 4721 2603 4773 Itale
2640 4723 2773 4790 pati,
2803 4725 3088 4779 accidebat
3124 4727 3203 4780 illi
3236 4730 3402 4783 modo

149 4798 367 4851 ἐϐαινεν
393 4798 569 4868 αὑτῷ,
609 4799 732 4852 καθ’
760 4801 819 4853 ὃν
840 4804 977 4871 ἡμῖν
1018 4804 1305 4871 συμϐαίνει
1337 4807 1567 4873 φυσικὸν
1596 4807 1713 4876 τρό·

1823 4804 2083 4868 naturali,
2111 4820 2220 4874 quo
2279 4807 2439 4861 nobis
2485 4811 2685 4863 accidit
2712 4828 2725 4863 :
2757 4828 2824 4867 ne
2856 4815 3266 4871 existimaretur
3317 4822 3401 4874 in-

149 4904 276 4939 ςτον.
314 4889 475 4939 Ὥστε
528 4888 603 4958 μὴ
669 4890 994 4959 νομισθῆναι
1039 4892 1138 4961 τὴν
1194 4893 1507 4963 οἰκονομίαν
1558 4895 1725 4948 αὑτοῦ

1825 4896 2076 4948 carnatio
2131 4897 2251 4965 ejus
2310 4898 2481 4963 lictio,
2520 4909 2571 4955 et
2605 4911 2663 4955 ut
2687 4906 2960 4957 sententia
2987 4917 3176 4961 contra
3204 4909 3401 4963 diabo-

150 4979 456 5046 φαντασίαν
475 5016 491 5043 ,
516 4980 611 5031 καὶ
636 4979 786 5042 ὅπως
816 4982 849 5051 ἠ
889 4982 1031 5034 κατά
1050 4982 1145 5035 τοῦ
1174 4984 1421 5038 διαϐόλου
1453 4986 1713 5053 ἀπόφασις

1826 4990 1935 5043 lum
1978 4992 2766 5061 pronuntiatajustiﬁcarctur,
2800 5012 2831 5050 a
2862 5014 2971 5067 quo
3007 5001 3108 5054 hac
3146 5003 3400 5058 incarna-

147 5067 442 5137 δικαιωθῇ,
479 5068 540 5131 ἐξ
573 5062 634 5121 οὗ
664 5069 837 5141 ταύτῃ
870 5075 935 5142 τῇ
982 5074 1267 5145 οἰκονομίᾳ
1295 5075 1355 5126 τὸ
1382 5076 1488 5127 τῶν
1520 5076 1730 5144 ἀνθρώ-

151 5174 274 5209 πων
306 5158 649 5227 ὲλντρώσατο
679 5160 854 5226 γένος.

228 5244 376 5309 Εἶδος
425 5249 473 5299 δ’
514 5246 611 5302 οὖν
658 5250 768 5302 τῶν
813 5252 963 5321 αὑτῷ
1003 5256 1327 5323 συμὸάντων
1367 5256 1725 5327 ἀνθρωπίνων

152 5338 453 5405 κατάδηλον
483 5342 804 5412 ποιήσομαι,
832 5344 916 5396 ἵνα
946 5345 1005 5397 τὸ
1036 5347 1200 5416 ῥηθὲν
1236 5346 1523 5416 βεϐαιώσω
1543 5365 1557 5378 ο
1585 5348 1724 5402 ἔστω

150 5430 213 5482 δὲ
268 5432 301 5499 ἡ
355 5433 532 5483 πεῖνα.
589 5432 721 5485 Ὅτε
769 5433 833 5503 δὴ
876 5436 988 5505 γάρ
1041 5440 1234 5507 πεινᾷν
1272 5439 1497 5502 όάἲδιος
1533 5439 1725 5509 ἢθελεν

154 5518 304 5584 Υἰδς,
336 5520 477 5588 ἐφίει
511 5523 577 5591 τῇ
605 5522 799 5576 ἑαυτοῦ
828 5527 992 5595 σαρκὶ
1024 5526 1122 5599 τὴν
1157 5528 1248 5581 τοῦ
1289 5529 1450 5599 ἀέρος
1480 5529 1722 5599 εἰσδέχε-

1832 5082 1980 5136 tione
2006 5097 2178 5151 genus
2210 5085 2507 5139 humanum
2538 5087 2788 5142 redemit.

1900 5258 2072 5313 Unam
2114 5270 2297 5317 autem
2340 5265 2574 5333 speciem
2620 5282 2811 5321 eorum
2869 5286 2989 5337 quze
3031 5272 3266 5328 humana
3310 5292 3405 5327 ac-

1825 5350 2078 5405 ciderunt
2106 5353 2179 5416 ei,
2211 5355 2527 5420 declarabo,
2570 5366 2626 5411 ut
2657 5360 2803 5428 quod
2855 5361 3062 5415 dictum
3124 5372 3210 5419 cst
3266 5381 3401 5419 cou-

1829 5443 2035 5498 lirmem
2083 5464 2096 5498 :
2135 5446 2207 5500 sit
2252 5446 2448 5515 fames,
2502 5452 2798 5519 loquamur
2849 5453 2915 5508 de
2974 5455 3136 5511 latine.
3169 5457 3403 5522 Quando

1827 5534 2009 5600 noluit
2068 5543 2313 5593 mtcrnus
2368 5538 2543 5593 Filius
2599 5544 2835 5609 esurire,
2896 5545 3112 5599 sinebat
3175 5560 3400 5602 carnem

1435 5701 1664 5756 νΛιίΙᾹέ
1712 5704 2114 5761 LEC'I'HIM'LS.

230 5762 338 5796 Π,
414 5788 422 5796 _

318 5784 351 5837 ι’.
403 5787 792 5854 ἀνθρωπίνοις,
