  <div class='ocr_page' id='page_1' title='image "/cluster/home/n/w/nwhite01/storage/ocr_20150623/87/nnc1.0046979751/740.png"; bbox 0 0 4086 6454; ppageno 0'>
   <div class='ocr_carea' id='block_1_1' title="bbox 153 362 294 427">
    <p class='ocr_par' dir='ltr' id='par_1_1' title="bbox 153 362 294 427">
     <span class='ocr_line' id='line_1_1' title="bbox 153 362 294 427; baseline -0.007 0"><span class='ocrx_word' id='word_1_1' title='bbox 153 362 294 427; x_wconf 73' lang='grc'><strong>1525</strong></span> 
     </span>
    </p>
   </div>
   <div class='ocr_carea' id='block_1_2' title="bbox 1516 381 1932 444">
    <p class='ocr_par' dir='ltr' id='par_1_2' title="bbox 1516 381 1932 444">
     <span class='ocr_line' id='line_1_2' title="bbox 1516 381 1932 444; baseline 0.012 -5"><span class='ocrx_word' id='word_1_2' title='bbox 1516 381 1932 444; x_wconf 83' lang='lat' dir='ltr'><strong>OPUSCULA.</strong></span> 
     </span>
    </p>
   </div>
   <div class='ocr_carea' id='block_1_3' title="bbox 3266 397 3402 462">
    <p class='ocr_par' dir='ltr' id='par_1_3' title="bbox 3266 397 3402 462">
     <span class='ocr_line' id='line_1_3' title="bbox 3266 397 3402 462; baseline 0.015 -2"><span class='ocrx_word' id='word_1_3' title='bbox 3266 397 3402 462; x_wconf 62' lang='lat'><strong>15*26</strong></span> 
     </span>
    </p>
   </div>
   <div class='ocr_carea' id='block_1_4' title="bbox 148 475 1726 569">
    <p class='ocr_par' dir='ltr' id='par_1_4' title="bbox 148 475 1726 558">
     <span class='ocr_line' id='line_1_4' title="bbox 148 475 1726 558; baseline 0.01 -32"><span class='ocrx_word' id='word_1_4' title='bbox 148 475 381 543; x_wconf 78' lang='grc' dir='ltr'>εξουσίῳ</span> <span class='ocrx_word' id='word_1_5' title='bbox 405 476 577 547; x_wconf 74' lang='grc' dir='ltr'>αὐτῆς</span> <span class='ocrx_word' id='word_1_6' title='bbox 607 478 890 551; x_wconf 75' lang='grc' dir='ltr'><strong>θελήματι,</strong></span> <span class='ocrx_word' id='word_1_7' title='bbox 916 485 1034 547; x_wconf 85' lang='grc' dir='ltr'>ταῖς</span> <span class='ocrx_word' id='word_1_8' title='bbox 1064 501 1122 537; x_wconf 90' lang='grc' dir='ltr'><strong>τε</strong></span> <span class='ocrx_word' id='word_1_9' title='bbox 1160 486 1469 558; x_wconf 78' lang='grc' dir='ltr'>αἴσθήσεσι,</span> <span class='ocrx_word' id='word_1_10' title='bbox 1497 492 1589 543; x_wconf 72' lang='grc' dir='ltr'><strong>καὶ</strong></span> <span class='ocrx_word' id='word_1_11' title='bbox 1615 495 1726 555; x_wconf 77' lang='grc' dir='ltr'>ταῖς</span> 
     </span>
    </p>
   </div>
   <div class='ocr_carea' id='block_1_5' title="bbox 1830 475 3401 569">
    <p class='ocr_par' dir='ltr' id='par_1_5' title="bbox 1835 494 3401 569">
     <span class='ocr_line' id='line_1_5' title="bbox 1835 494 3401 569; baseline 0.008 -20"><span class='ocrx_word' id='word_1_12' title='bbox 1835 494 2049 550; x_wconf 87' lang='lat' dir='ltr'><strong>nieuter</strong></span> <span class='ocrx_word' id='word_1_13' title='bbox 2086 502 2320 559; x_wconf 68' lang='lat' dir='ltr'><strong>naturae,</strong></span> <span class='ocrx_word' id='word_1_14' title='bbox 2355 507 2407 551; x_wconf 90' lang='lat' dir='ltr'><strong>et</strong></span> <span class='ocrx_word' id='word_1_15' title='bbox 2450 508 2507 550; x_wconf 89' lang='lat' dir='ltr'><strong>ut</strong></span> <span class='ocrx_word' id='word_1_16' title='bbox 2541 499 2850 569; x_wconf 76' lang='lat' dir='ltr'><strong>oportebat,</strong></span> <span class='ocrx_word' id='word_1_17' title='bbox 2880 516 2944 557; x_wconf 91' lang='lat' dir='ltr'><strong>ac</strong></span> <span class='ocrx_word' id='word_1_18' title='bbox 2974 504 3275 559; x_wconf 84' lang='lat' dir='ltr'><strong>secundum</strong></span> <span class='ocrx_word' id='word_1_19' title='bbox 3306 523 3401 561; x_wconf 89' lang='lat' dir='ltr'><strong>vo-</strong></span> 
     </span>
    </p>
   </div>
   <div class='ocr_carea' id='block_1_6' title="bbox 150 566 1726 645">
    <p class='ocr_par' dir='ltr' id='par_1_6' title="bbox 150 566 1726 645">
     <span class='ocr_line' id='line_1_6' title="bbox 150 566 1726 645; baseline 0.013 -30"><span class='ocrx_word' id='word_1_20' title='bbox 150 567 410 632; x_wconf 73' lang='grc' dir='ltr'>φυσικαῖς</span> <span class='ocrx_word' id='word_1_21' title='bbox 435 566 699 636; x_wconf 84' lang='grc' dir='ltr'>δυνάμεσι</span> <span class='ocrx_word' id='word_1_22' title='bbox 733 570 935 635; x_wconf 87' lang='grc' dir='ltr'>πάσαις</span> <span class='ocrx_word' id='word_1_23' title='bbox 966 576 1109 628; x_wconf 74' lang='grc' dir='ltr'>κατὰ</span> <span class='ocrx_word' id='word_1_24' title='bbox 1144 577 1329 645; x_wconf 80' lang='grc' dir='ltr'>φύσιν,</span> <span class='ocrx_word' id='word_1_25' title='bbox 1363 581 1455 633; x_wconf 78' lang='grc' dir='ltr'><strong>καὶ</strong></span> <span class='ocrx_word' id='word_1_26' title='bbox 1493 583 1632 635; x_wconf 77' lang='grc' dir='ltr'>κατὰ</span> <span class='ocrx_word' id='word_1_27' title='bbox 1666 584 1726 635; x_wconf 80' lang='grc' dir='ltr'><strong>τὸ</strong></span> 
     </span>
    </p>
   </div>
   <div class='ocr_carea' id='block_1_7' title="bbox 147 655 1725 735">
    <p class='ocr_par' dir='ltr' id='par_1_7' title="bbox 147 655 1725 735">
     <span class='ocr_line' id='line_1_7' title="bbox 147 655 1725 735; baseline 0.011 -27"><span class='ocrx_word' id='word_1_28' title='bbox 147 655 292 720; x_wconf 77' lang='grc' dir='ltr'>δέον,</span> <span class='ocrx_word' id='word_1_29' title='bbox 325 660 420 712; x_wconf 75' lang='grc' dir='ltr'><strong>καὶ</strong></span> <span class='ocrx_word' id='word_1_30' title='bbox 476 660 617 714; x_wconf 75' lang='grc' dir='ltr'>κατὰ</span> <span class='ocrx_word' id='word_1_31' title='bbox 646 662 706 715; x_wconf 83' lang='grc' dir='ltr'><strong>τὸ</strong></span> <span class='ocrx_word' id='word_1_32' title='bbox 766 662 1013 735; x_wconf 86' lang='grc' dir='ltr'>βούλημα</span> <span class='ocrx_word' id='word_1_33' title='bbox 1044 666 1138 720; x_wconf 91' lang='grc' dir='ltr'><strong>τοῦ</strong></span> <span class='ocrx_word' id='word_1_34' title='bbox 1194 667 1356 735; x_wconf 97' lang='grc' dir='ltr'>Θεοῦ,</span> <span class='ocrx_word' id='word_1_35' title='bbox 1411 673 1504 725; x_wconf 78' lang='grc' dir='ltr'><strong>καὶ</strong></span> <span class='ocrx_word' id='word_1_36' title='bbox 1550 671 1725 735; x_wconf 80' lang='grc' dir='ltr'>οὓτως</span> 
     </span>
    </p>
   </div>
   <div class='ocr_carea' id='block_1_8' title="bbox 149 751 1723 833">
    <p class='ocr_par' dir='ltr' id='par_1_8' title="bbox 149 751 1723 833">
     <span class='ocr_line' id='line_1_8' title="bbox 149 751 1723 833; baseline 0.01 -30"><span class='ocrx_word' id='word_1_37' title='bbox 149 751 404 823; x_wconf 77' lang='grc' dir='ltr'><strong>ἐνίκησεν</strong></span> <span class='ocrx_word' id='word_1_38' title='bbox 449 755 543 809; x_wconf 81' lang='grc' dir='ltr'><strong>τὸν</strong></span> <span class='ocrx_word' id='word_1_39' title='bbox 588 755 852 819; x_wconf 79' lang='grc' dir='ltr'>διάϐολον,</span> <span class='ocrx_word' id='word_1_40' title='bbox 885 759 948 812; x_wconf 85' lang='grc' dir='ltr'>οὐ</span> <span class='ocrx_word' id='word_1_41' title='bbox 984 760 1218 831; x_wconf 87' lang='grc' dir='ltr'>δύναμιν</span> <span class='ocrx_word' id='word_1_42' title='bbox 1249 762 1459 833; x_wconf 81' lang='grc' dir='ltr'>θεῖκὴν,</span> <span class='ocrx_word' id='word_1_43' title='bbox 1494 765 1590 819; x_wconf 77' lang='grc' dir='ltr'><strong>καὶ</strong></span> <span class='ocrx_word' id='word_1_44' title='bbox 1623 783 1723 818; x_wconf 86' lang='grc' dir='ltr'>πε-</span> 
     </span>
    </p>
   </div>
   <div class='ocr_carea' id='block_1_9' title="bbox 152 846 1726 928">
    <p class='ocr_par' dir='ltr' id='par_1_9' title="bbox 152 846 1726 928">
     <span class='ocr_line' id='line_1_9' title="bbox 152 846 1726 928; baseline 0.009 -31"><span class='ocrx_word' id='word_1_45' title='bbox 152 846 479 918; x_wconf 89' lang='grc' dir='ltr'>ρισσοτέραν</span> <span class='ocrx_word' id='word_1_46' title='bbox 506 848 606 917; x_wconf 85' lang='grc' dir='ltr'><strong>τῆς</strong></span> <span class='ocrx_word' id='word_1_47' title='bbox 638 849 856 919; x_wconf 85' lang='grc' dir='ltr'>φύσεως</span> <span class='ocrx_word' id='word_1_48' title='bbox 875 853 1157 923; x_wconf 74' lang='grc' dir='ltr'>προσθεὶς,</span> <span class='ocrx_word' id='word_1_49' title='bbox 1192 856 1288 908; x_wconf 79' lang='grc' dir='ltr'>καὶ</span> <span class='ocrx_word' id='word_1_50' title='bbox 1316 856 1726 928; x_wconf 76' lang='grc' dir='ltr'>ἑπιχορηγήσας</span> 
     </span>
    </p>
   </div>
   <div class='ocr_carea' id='block_1_10' title="bbox 150 937 1727 1020">
    <p class='ocr_par' dir='ltr' id='par_1_10' title="bbox 150 937 1727 1020">
     <span class='ocr_line' id='line_1_10' title="bbox 150 937 1727 1020; baseline 0.008 -31"><span class='ocrx_word' id='word_1_51' title='bbox 150 937 212 989; x_wconf 82' lang='grc' dir='ltr'>ὲν</span> <span class='ocrx_word' id='word_1_52' title='bbox 240 940 307 1007; x_wconf 79' lang='grc' dir='ltr'>τῇ</span> <span class='ocrx_word' id='word_1_53' title='bbox 344 939 514 1009; x_wconf 83' lang='grc' dir='ltr'>πάλῃ,</span> <span class='ocrx_word' id='word_1_54' title='bbox 540 940 677 994; x_wconf 85' lang='grc' dir='ltr'>ἀλλὰ</span> <span class='ocrx_word' id='word_1_55' title='bbox 705 944 843 1014; x_wconf 80' lang='grc' dir='ltr'>πρὸς</span> <span class='ocrx_word' id='word_1_56' title='bbox 864 944 926 996; x_wconf 88' lang='grc' dir='ltr'>τὸ</span> <span class='ocrx_word' id='word_1_57' title='bbox 950 946 1190 1016; x_wconf 76' lang='grc' dir='ltr'>ἁρμόζον</span> <span class='ocrx_word' id='word_1_58' title='bbox 1213 948 1307 999; x_wconf 75' lang='grc' dir='ltr'>καὶ</span> <span class='ocrx_word' id='word_1_59' title='bbox 1337 948 1415 1017; x_wconf 85' lang='grc' dir='ltr'>τῷ</span> <span class='ocrx_word' id='word_1_60' title='bbox 1436 947 1555 1018; x_wconf 81' lang='grc' dir='ltr'>Θεῷ</span> <span class='ocrx_word' id='word_1_61' title='bbox 1577 950 1727 1020; x_wconf 87' lang='grc' dir='ltr'>νόμῳ</span> 
     </span>
    </p>
   </div>
   <div class='ocr_carea' id='block_1_11' title="bbox 152 1030 1728 1111">
    <p class='ocr_par' dir='ltr' id='par_1_11' title="bbox 152 1030 1728 1111">
     <span class='ocr_line' id='line_1_11' title="bbox 152 1030 1728 1111; baseline 0.008 -30"><span class='ocrx_word' id='word_1_62' title='bbox 152 1030 382 1099; x_wconf 81' lang='grc' dir='ltr'><strong>συνᾷδον</strong></span> <span class='ocrx_word' id='word_1_63' title='bbox 428 1032 780 1102; x_wconf 81' lang='grc' dir='ltr'>χρησάμενος</span> <span class='ocrx_word' id='word_1_64' title='bbox 830 1037 944 1098; x_wconf 79' lang='grc' dir='ltr'>τοῖς</span> <span class='ocrx_word' id='word_1_65' title='bbox 983 1041 1260 1103; x_wconf 74' lang='grc' dir='ltr'><strong>φυσικοῖς,</strong></span> <span class='ocrx_word' id='word_1_66' title='bbox 1309 1040 1401 1093; x_wconf 76' lang='grc' dir='ltr'><strong>καὶ</strong></span> <span class='ocrx_word' id='word_1_67' title='bbox 1455 1040 1728 1111; x_wconf 78' lang='grc' dir='ltr'>ρυθμίσας</span> 
     </span>
    </p>
   </div>
   <div class='ocr_carea' id='block_1_12' title="bbox 152 1121 1728 1201">
    <p class='ocr_par' dir='ltr' id='par_1_12' title="bbox 152 1121 1728 1201">
     <span class='ocr_line' id='line_1_12' title="bbox 152 1121 1728 1201; baseline 0.008 -29"><span class='ocrx_word' id='word_1_68' title='bbox 152 1121 332 1173; x_wconf 83' lang='grc' dir='ltr'>πάντα</span> <span class='ocrx_word' id='word_1_69' title='bbox 355 1122 424 1175; x_wconf 72' lang='grc' dir='ltr'>τὰ</span> <span class='ocrx_word' id='word_1_70' title='bbox 466 1124 566 1193; x_wconf 80' lang='grc' dir='ltr'><strong>τῆς</strong></span> <span class='ocrx_word' id='word_1_71' title='bbox 594 1124 811 1193; x_wconf 88' lang='grc' dir='ltr'>φύσεως</span> <span class='ocrx_word' id='word_1_72' title='bbox 837 1128 1001 1198; x_wconf 86' lang='grc' dir='ltr'>μέρη,</span> <span class='ocrx_word' id='word_1_73' title='bbox 1044 1129 1137 1182; x_wconf 78' lang='grc' dir='ltr'><strong>καὶ</strong></span> <span class='ocrx_word' id='word_1_74' title='bbox 1180 1130 1468 1199; x_wconf 82' lang='grc' dir='ltr'>δυνάμεις,</span> <span class='ocrx_word' id='word_1_75' title='bbox 1517 1132 1612 1186; x_wconf 76' lang='grc' dir='ltr'><strong>καὶ</strong></span> <span class='ocrx_word' id='word_1_76' title='bbox 1638 1132 1728 1201; x_wconf 78' lang='grc' dir='ltr'>δρ-</span> 
     </span>
    </p>
   </div>
   <div class='ocr_carea' id='block_1_13' title="bbox 149 1214 1729 1292">
    <p class='ocr_par' dir='ltr' id='par_1_13' title="bbox 149 1214 1729 1292">
     <span class='ocr_line' id='line_1_13' title="bbox 149 1214 1729 1292; baseline 0.009 -29"><span class='ocrx_word' id='word_1_77' title='bbox 149 1226 314 1276; x_wconf 86' lang='grc' dir='ltr'>γανα,</span> <span class='ocrx_word' id='word_1_78' title='bbox 368 1214 509 1267; x_wconf 72' lang='grc' dir='ltr'>κατὰ</span> <span class='ocrx_word' id='word_1_79' title='bbox 544 1216 604 1268; x_wconf 79' lang='grc' dir='ltr'><strong>τὸ</strong></span> <span class='ocrx_word' id='word_1_80' title='bbox 658 1223 961 1287; x_wconf 79' lang='grc' dir='ltr'>προσῆκον,</span> <span class='ocrx_word' id='word_1_81' title='bbox 994 1221 1134 1273; x_wconf 73' lang='grc' dir='ltr'>κατὰ</span> <span class='ocrx_word' id='word_1_82' title='bbox 1164 1220 1231 1273; x_wconf 79' lang='grc' dir='ltr'><strong>τά</strong></span> <span class='ocrx_word' id='word_1_83' title='bbox 1275 1221 1450 1292; x_wconf 87' lang='grc' dir='ltr'>μέτρα</span> <span class='ocrx_word' id='word_1_84' title='bbox 1495 1224 1596 1291; x_wconf 82' lang='grc' dir='ltr'><strong>τῆς</strong></span> <span class='ocrx_word' id='word_1_85' title='bbox 1634 1224 1729 1276; x_wconf 86' lang='grc' dir='ltr'>άν-</span> 
     </span>
    </p>
   </div>
   <div class='ocr_carea' id='block_1_14' title="bbox 150 1302 1729 1385">
    <p class='ocr_par' dir='ltr' id='par_1_14' title="bbox 150 1302 1729 1385">
     <span class='ocr_line' id='line_1_14' title="bbox 150 1302 1729 1385; baseline 0.009 -31"><span class='ocrx_word' id='word_1_86' title='bbox 150 1302 522 1375; x_wconf 78' lang='grc' dir='ltr'>θρωπότητος,</span> <span class='ocrx_word' id='word_1_87' title='bbox 554 1308 649 1360; x_wconf 81' lang='grc' dir='ltr'><strong>καὶ</strong></span> <span class='ocrx_word' id='word_1_88' title='bbox 679 1308 852 1373; x_wconf 79' lang='grc' dir='ltr'>οὕτως</span> <span class='ocrx_word' id='word_1_89' title='bbox 880 1302 1158 1381; x_wconf 77' lang='grc' dir='ltr'>ἐνίκησεν,</span> <span class='ocrx_word' id='word_1_90' title='bbox 1192 1313 1286 1365; x_wconf 78' lang='grc' dir='ltr'><strong>καὶ</strong></span> <span class='ocrx_word' id='word_1_91' title='bbox 1313 1313 1601 1380; x_wconf 76' lang='grc' dir='ltr'>ἀπέδειξεν</span> <span class='ocrx_word' id='word_1_92' title='bbox 1629 1314 1729 1385; x_wconf 79' lang='grc' dir='ltr'>τὴν</span> 
     </span>
    </p>
   </div>
   <div class='ocr_carea' id='block_1_15' title="bbox 150 1394 1728 1476">
    <p class='ocr_par' dir='ltr' id='par_1_15' title="bbox 150 1394 1728 1476">
     <span class='ocr_line' id='line_1_15' title="bbox 150 1394 1728 1476; baseline 0.009 -32"><span class='ocrx_word' id='word_1_93' title='bbox 150 1394 318 1460; x_wconf 79' lang='grc' dir='ltr'>φύσιν</span> <span class='ocrx_word' id='word_1_94' title='bbox 349 1399 671 1467; x_wconf 81' lang='grc' dir='ltr'><strong>νικηφόρον,</strong></span> <span class='ocrx_word' id='word_1_95' title='bbox 705 1403 801 1453; x_wconf 69' lang='grc' dir='ltr'><strong>καὶ</strong></span> <span class='ocrx_word' id='word_1_96' title='bbox 829 1404 895 1472; x_wconf 83' lang='grc' dir='ltr'>τῇ</span> <span class='ocrx_word' id='word_1_97' title='bbox 930 1394 1093 1472; x_wconf 82' lang='grc' dir='ltr'><strong>φύσεί</strong></span> <span class='ocrx_word' id='word_1_98' title='bbox 1126 1403 1314 1458; x_wconf 81' lang='grc' dir='ltr'>λοιπὸν</span> <span class='ocrx_word' id='word_1_99' title='bbox 1334 1406 1365 1476; x_wconf 84' lang='grc' dir='ltr'>ὴ</span> <span class='ocrx_word' id='word_1_100' title='bbox 1388 1406 1535 1475; x_wconf 85' lang='grc' dir='ltr'>νίκη,</span> <span class='ocrx_word' id='word_1_101' title='bbox 1569 1406 1665 1459; x_wconf 72' lang='grc' dir='ltr'><strong>καὶ</strong></span> <span class='ocrx_word' id='word_1_102' title='bbox 1695 1408 1728 1476; x_wconf 95' lang='grc' dir='ltr'><strong>ἡ</strong></span> 
     </span>
    </p>
   </div>
   <div class='ocr_carea' id='block_1_16' title="bbox 149 1483 765 1557">
    <p class='ocr_par' dir='ltr' id='par_1_16' title="bbox 149 1483 765 1557">
     <span class='ocr_line' id='line_1_16' title="bbox 149 1483 765 1557; baseline 0.015 -22"><span class='ocrx_word' id='word_1_103' title='bbox 149 1483 432 1552; x_wconf 70' lang='grc' dir='ltr'><strong>δικαίωσις</strong></span> <span class='ocrx_word' id='word_1_104' title='bbox 466 1490 765 1557; x_wconf 80' lang='grc' dir='ltr'>λογίζεται.</span> 
     </span>
    </p>
   </div>
   <div class='ocr_carea' id='block_1_17' title="bbox 224 1577 1727 1660">
    <p class='ocr_par' dir='ltr' id='par_1_17' title="bbox 224 1577 1727 1660">
     <span class='ocr_line' id='line_1_17' title="bbox 224 1577 1727 1660; baseline 0.011 -34"><span class='ocrx_word' id='word_1_105' title='bbox 224 1577 281 1628; x_wconf 81' lang='grc' dir='ltr'><strong>Β.</strong></span> <span class='ocrx_word' id='word_1_106' title='bbox 317 1579 451 1657; x_wconf 77' lang='grc' dir='ltr'>Εἰπέ</span> <span class='ocrx_word' id='word_1_107' title='bbox 482 1599 596 1649; x_wconf 88' lang='grc' dir='ltr'>μοι,</span> <span class='ocrx_word' id='word_1_108' title='bbox 634 1584 659 1635; x_wconf 78' lang='grc' dir='ltr'>ὁ</span> <span class='ocrx_word' id='word_1_109' title='bbox 700 1584 1043 1654; x_wconf 77' lang='grc' dir='ltr'><strong>ἀνθρώπινος</strong></span> <span class='ocrx_word' id='word_1_110' title='bbox 1092 1585 1240 1651; x_wconf 87' lang='grc' dir='ltr'>νοῦς,</span> <span class='ocrx_word' id='word_1_111' title='bbox 1274 1587 1436 1652; x_wconf 77' lang='grc' dir='ltr'>αὐτὸς</span> <span class='ocrx_word' id='word_1_112' title='bbox 1466 1584 1535 1660; x_wconf 82' lang='grc' dir='ltr'>ἦν</span> <span class='ocrx_word' id='word_1_113' title='bbox 1562 1590 1590 1641; x_wconf 86' lang='grc' dir='ltr'><strong>ὁ</strong></span> <span class='ocrx_word' id='word_1_114' title='bbox 1621 1605 1727 1642; x_wconf 87' lang='grc' dir='ltr'>πα-</span> 
     </span>
    </p>
   </div>
   <div class='ocr_carea' id='block_1_18' title="bbox 149 1667 1730 1748">
    <p class='ocr_par' dir='ltr' id='par_1_18' title="bbox 149 1667 1730 1748">
     <span class='ocr_line' id='line_1_18' title="bbox 149 1667 1730 1748; baseline 0.008 -30"><span class='ocrx_word' id='word_1_115' title='bbox 149 1667 319 1721; x_wconf 81' lang='grc' dir='ltr'>λαίων</span> <span class='ocrx_word' id='word_1_116' title='bbox 369 1671 507 1742; x_wconf 74' lang='grc' dir='ltr'>πρὸς</span> <span class='ocrx_word' id='word_1_117' title='bbox 540 1672 630 1727; x_wconf 78' lang='grc' dir='ltr'>τὸν</span> <span class='ocrx_word' id='word_1_118' title='bbox 661 1674 932 1741; x_wconf 76' lang='grc' dir='ltr'>διάϐολον,</span> <span class='ocrx_word' id='word_1_119' title='bbox 974 1677 1007 1748; x_wconf 86' lang='grc' dir='ltr'>ἢ</span> <span class='ocrx_word' id='word_1_120' title='bbox 1039 1678 1224 1742; x_wconf 81' lang='grc' dir='ltr'>ἁπλῶς</span> <span class='ocrx_word' id='word_1_121' title='bbox 1253 1680 1453 1743; x_wconf 78' lang='grc' dir='ltr'>εἰπεῖν,</span> <span class='ocrx_word' id='word_1_122' title='bbox 1510 1679 1730 1733; x_wconf 83' lang='grc' dir='ltr'>αὐτοκί-</span> 
     </span>
    </p>
   </div>
   <div class='ocr_carea' id='block_1_19' title="bbox 150 1758 925 1838">
    <p class='ocr_par' dir='ltr' id='par_1_19' title="bbox 150 1758 925 1838">
     <span class='ocr_line' id='line_1_19' title="bbox 150 1758 925 1838; baseline 0.014 -27"><span class='ocrx_word' id='word_1_123' title='bbox 150 1776 311 1830; x_wconf 82' lang='grc' dir='ltr'>νητος</span> <span class='ocrx_word' id='word_1_124' title='bbox 350 1758 417 1832; x_wconf 79' lang='grc' dir='ltr'><strong>ἦν</strong></span> <span class='ocrx_word' id='word_1_125' title='bbox 450 1765 482 1833; x_wconf 83' lang='grc' dir='ltr'>ἦ</span> <span class='ocrx_word' id='word_1_126' title='bbox 512 1766 925 1838; x_wconf 78' lang='grc' dir='ltr'>ἐτεροκίνητοςς</span> 
     </span>
    </p>
   </div>
   <div class='ocr_carea' id='block_1_20' title="bbox 1830 586 3403 667">
    <p class='ocr_par' dir='ltr' id='par_1_20' title="bbox 1830 586 3403 667">
     <span class='ocr_line' id='line_1_20' title="bbox 1830 586 3403 667; baseline 0.01 -29"><span class='ocrx_word' id='word_1_127' title='bbox 1830 587 2092 640; x_wconf 87' lang='lat' dir='ltr'><strong>Iuntatem</strong></span> <span class='ocrx_word' id='word_1_128' title='bbox 2125 586 2250 653; x_wconf 85' lang='lat' dir='ltr'><strong>Dei;</strong></span> <span class='ocrx_word' id='word_1_129' title='bbox 2279 596 2444 657; x_wconf 88' lang='lat' dir='ltr'><strong>atque</strong></span> <span class='ocrx_word' id='word_1_130' title='bbox 2469 589 2540 644; x_wconf 90' lang='lat' dir='ltr'><strong>ita</strong></span> <span class='ocrx_word' id='word_1_131' title='bbox 2570 591 2699 646; x_wconf 81' lang='lat' dir='ltr'><strong>vicit</strong></span> <span class='ocrx_word' id='word_1_132' title='bbox 2725 592 3003 647; x_wconf 84' lang='lat' dir='ltr'><strong>diabolum</strong></span> <span class='ocrx_word' id='word_1_133' title='bbox 3031 635 3047 659; x_wconf 95' lang='lat'><strong>,</strong></span> <span class='ocrx_word' id='word_1_134' title='bbox 3080 610 3190 650; x_wconf 88' lang='lat' dir='ltr'><strong>non</strong></span> <span class='ocrx_word' id='word_1_135' title='bbox 3233 611 3403 667; x_wconf 88' lang='lat' dir='ltr'><strong>oppo-</strong></span> 
     </span>
    </p>
   </div>
   <div class='ocr_carea' id='block_1_21' title="bbox 1829 678 3399 750">
    <p class='ocr_par' dir='ltr' id='par_1_21' title="bbox 1829 678 3399 750">
     <span class='ocr_line' id='line_1_21' title="bbox 1829 678 3399 750; baseline 0.01 -20"><span class='ocrx_word' id='word_1_136' title='bbox 1829 678 1930 731; x_wconf 86' lang='lat' dir='ltr'><strong>sita</strong></span> <span class='ocrx_word' id='word_1_137' title='bbox 1960 685 2014 732; x_wconf 89' lang='lat' dir='ltr'><strong>et</strong></span> <span class='ocrx_word' id='word_1_138' title='bbox 2064 678 2412 749; x_wconf 77' lang='lat' dir='ltr'><strong>suppeditata</strong></span> <span class='ocrx_word' id='word_1_139' title='bbox 2446 681 2499 735; x_wconf 91' lang='lat' dir='ltr'><strong>in</strong></span> <span class='ocrx_word' id='word_1_140' title='bbox 2548 682 2887 750; x_wconf 85' lang='lat' dir='ltr'><strong>luctatione,</strong></span> <span class='ocrx_word' id='word_1_141' title='bbox 2930 685 3117 740; x_wconf 88' lang='lat' dir='ltr'><strong>divina</strong></span> <span class='ocrx_word' id='word_1_142' title='bbox 3163 687 3399 748; x_wconf 87' lang='lat' dir='ltr'><strong>virtute.</strong></span> 
     </span>
    </p>
   </div>
   <div class='ocr_carea' id='block_1_22' title="bbox 1828 770 3403 844">
    <p class='ocr_par' dir='ltr' id='par_1_22' title="bbox 1828 770 3403 844">
     <span class='ocr_line' id='line_1_22' title="bbox 1828 770 3403 844; baseline 0.006 -21"><span class='ocrx_word' id='word_1_143' title='bbox 1828 770 2111 840; x_wconf 86' lang='lat' dir='ltr'><strong>ampliore,</strong></span> <span class='ocrx_word' id='word_1_144' title='bbox 2141 787 2302 842; x_wconf 87' lang='lat' dir='ltr'><strong>quam</strong></span> <span class='ocrx_word' id='word_1_145' title='bbox 2341 774 2598 837; x_wconf 76' lang='lat' dir='ltr'><strong>naturali,</strong></span> <span class='ocrx_word' id='word_1_146' title='bbox 2632 776 2724 830; x_wconf 87' lang='lat' dir='ltr'><strong>sed</strong></span> <span class='ocrx_word' id='word_1_147' title='bbox 2764 785 2823 831; x_wconf 91' lang='lat' dir='ltr'><strong>ut</strong></span> <span class='ocrx_word' id='word_1_148' title='bbox 2854 776 3083 833; x_wconf 75' lang='lat' dir='ltr'><strong>decebat</strong></span> <span class='ocrx_word' id='word_1_149' title='bbox 3115 777 3309 844; x_wconf 89' lang='lat' dir='ltr'><strong>Deum,</strong></span> <span class='ocrx_word' id='word_1_150' title='bbox 3349 789 3403 833; x_wconf 87' lang='lat' dir='ltr'><strong>et</strong></span> 
     </span>
    </p>
   </div>
   <div class='ocr_carea' id='block_1_23' title="bbox 1828 862 3402 939">
    <p class='ocr_par' dir='ltr' id='par_1_23' title="bbox 1828 862 3402 939">
     <span class='ocr_line' id='line_1_23' title="bbox 1828 862 3402 939; baseline 0.004 -25"><span class='ocrx_word' id='word_1_151' title='bbox 1828 862 2022 932; x_wconf 81' lang='lat' dir='ltr'><strong>legem,</strong></span> <span class='ocrx_word' id='word_1_152' title='bbox 2063 879 2198 919; x_wconf 88' lang='lat' dir='ltr'><strong>usus</strong></span> <span class='ocrx_word' id='word_1_153' title='bbox 2237 866 2602 930; x_wconf 87' lang='lat' dir='ltr'><strong>naturalibus,</strong></span> <span class='ocrx_word' id='word_1_154' title='bbox 2630 875 2683 922; x_wconf 91' lang='lat' dir='ltr'><strong>et</strong></span> <span class='ocrx_word' id='word_1_155' title='bbox 2706 867 2961 923; x_wconf 88' lang='lat' dir='ltr'><strong>omnibus</strong></span> <span class='ocrx_word' id='word_1_156' title='bbox 2994 877 3201 923; x_wconf 67' lang='lat' dir='ltr'><strong>natura:</strong></span> <span class='ocrx_word' id='word_1_157' title='bbox 3228 869 3402 939; x_wconf 81' lang='lat' dir='ltr'><strong>parti-</strong></span> 
     </span>
    </p>
   </div>
   <div class='ocr_carea' id='block_1_24' title="bbox 1829 954 3409 1033">
    <p class='ocr_par' dir='ltr' id='par_1_24' title="bbox 1829 954 3409 1033">
     <span class='ocr_line' id='line_1_24' title="bbox 1829 954 3409 1033; baseline 0.004 -25"><span class='ocrx_word' id='word_1_158' title='bbox 1829 954 1953 1018; x_wconf 89' lang='lat' dir='ltr'><strong>bus.</strong></span> <span class='ocrx_word' id='word_1_159' title='bbox 1983 965 2039 1011; x_wconf 90' lang='lat' dir='ltr'><strong>et</strong></span> <span class='ocrx_word' id='word_1_160' title='bbox 2061 957 2319 1026; x_wconf 90' lang='lat' dir='ltr'><strong>potentiis</strong></span> <span class='ocrx_word' id='word_1_161' title='bbox 2346 998 2360 1021; x_wconf 91' lang='lat'><strong>,</strong></span> <span class='ocrx_word' id='word_1_162' title='bbox 2407 966 2463 1012; x_wconf 87' lang='lat' dir='ltr'><strong>et</strong></span> <span class='ocrx_word' id='word_1_163' title='bbox 2491 960 2713 1029; x_wconf 76' lang='lat' dir='ltr'><strong>organis</strong></span> <span class='ocrx_word' id='word_1_164' title='bbox 2749 962 2829 1015; x_wconf 92' lang='lat' dir='ltr'><strong>sic</strong></span> <span class='ocrx_word' id='word_1_165' title='bbox 2879 961 3228 1033; x_wconf 83' lang='lat' dir='ltr'><strong>compositis,</strong></span> <span class='ocrx_word' id='word_1_166' title='bbox 3259 962 3409 1017; x_wconf 86' lang='lat' dir='ltr'><strong>sicut</strong></span> 
     </span>
    </p>
   </div>
   <div class='ocr_carea' id='block_1_25' title="bbox 1828 1048 3402 1123">
    <p class='ocr_par' dir='ltr' id='par_1_25' title="bbox 1828 1048 3402 1123">
     <span class='ocr_line' id='line_1_25' title="bbox 1828 1048 3402 1123; baseline 0.005 -22"><span class='ocrx_word' id='word_1_167' title='bbox 1828 1048 2226 1114; x_wconf 84' lang='lat' dir='ltr'><strong>conveniebat,</strong></span> <span class='ocrx_word' id='word_1_168' title='bbox 2284 1059 2343 1103; x_wconf 90' lang='lat' dir='ltr'><strong>ut</strong></span> <span class='ocrx_word' id='word_1_169' title='bbox 2402 1066 2661 1106; x_wconf 86' lang='lat' dir='ltr'><strong>mensura</strong></span> <span class='ocrx_word' id='word_1_170' title='bbox 2722 1052 3085 1108; x_wconf 86' lang='lat' dir='ltr'><strong>humanitatis</strong></span> <span class='ocrx_word' id='word_1_171' title='bbox 3158 1054 3402 1123; x_wconf 87' lang='lat' dir='ltr'><strong>postula-</strong></span> 
     </span>
    </p>
   </div>
   <div class='ocr_carea' id='block_1_26' title="bbox 1828 1135 3402 1209">
    <p class='ocr_par' dir='ltr' id='par_1_26' title="bbox 1828 1135 3402 1209">
     <span class='ocr_line' id='line_1_26' title="bbox 1828 1135 3402 1209; baseline 0.006 -20"><span class='ocrx_word' id='word_1_172' title='bbox 1828 1135 1922 1190; x_wconf 86' lang='lat' dir='ltr'><strong>bat</strong></span> <span class='ocrx_word' id='word_1_173' title='bbox 1950 1136 2086 1209; x_wconf 76' lang='grc'><strong>(45).</strong></span> <span class='ocrx_word' id='word_1_174' title='bbox 2112 1137 2291 1207; x_wconf 86' lang='lat' dir='ltr'><strong>Atque</strong></span> <span class='ocrx_word' id='word_1_175' title='bbox 2316 1139 2389 1192; x_wconf 86' lang='lat' dir='ltr'><strong>ita</strong></span> <span class='ocrx_word' id='word_1_176' title='bbox 2418 1140 2570 1203; x_wconf 90' lang='lat' dir='ltr'><strong>vicit,</strong></span> <span class='ocrx_word' id='word_1_177' title='bbox 2595 1149 2648 1196; x_wconf 90' lang='lat' dir='ltr'><strong>et</strong></span> <span class='ocrx_word' id='word_1_178' title='bbox 2669 1142 2911 1198; x_wconf 84' lang='lat' dir='ltr'><strong>ostendit</strong></span> <span class='ocrx_word' id='word_1_179' title='bbox 2938 1150 3193 1197; x_wconf 81' lang='lat' dir='ltr'><strong>naturam</strong></span> <span class='ocrx_word' id='word_1_180' title='bbox 3219 1144 3402 1199; x_wconf 89' lang='lat' dir='ltr'><strong>victri-</strong></span> 
     </span>
    </p>
   </div>
   <div class='ocr_carea' id='block_1_27' title="bbox 1827 1230 3403 1303">
    <p class='ocr_par' dir='ltr' id='par_1_27' title="bbox 1827 1230 3403 1303">
     <span class='ocr_line' id='line_1_27' title="bbox 1827 1230 3403 1303; baseline 0.004 -21"><span class='ocrx_word' id='word_1_181' title='bbox 1827 1242 1968 1291; x_wconf 88' lang='lat' dir='ltr'><strong>cem,</strong></span> <span class='ocrx_word' id='word_1_182' title='bbox 1998 1237 2053 1282; x_wconf 89' lang='lat' dir='ltr'><strong>et</strong></span> <span class='ocrx_word' id='word_1_183' title='bbox 2082 1236 2291 1283; x_wconf 84' lang='lat' dir='ltr'><strong>naturae</strong></span> <span class='ocrx_word' id='word_1_184' title='bbox 2315 1230 2570 1302; x_wconf 81' lang='lat' dir='ltr'><strong>deinceps</strong></span> <span class='ocrx_word' id='word_1_185' title='bbox 2610 1234 2860 1300; x_wconf 84' lang='lat' dir='ltr'><strong>victoria,</strong></span> <span class='ocrx_word' id='word_1_186' title='bbox 2893 1240 2946 1291; x_wconf 91' lang='lat' dir='ltr'><strong>et</strong></span> <span class='ocrx_word' id='word_1_187' title='bbox 2970 1232 3292 1303; x_wconf 77' lang='lat' dir='ltr'><strong>iustiﬁcatio</strong></span> <span class='ocrx_word' id='word_1_188' title='bbox 3321 1244 3403 1288; x_wconf 88' lang='lat' dir='ltr'><strong>at-</strong></span> 
     </span>
    </p>
   </div>
   <div class='ocr_carea' id='block_1_28' title="bbox 1831 1319 2114 1374">
    <p class='ocr_par' dir='ltr' id='par_1_28' title="bbox 1831 1319 2114 1374">
     <span class='ocr_line' id='line_1_28' title="bbox 1831 1319 2114 1374; baseline 0 -2"><span class='ocrx_word' id='word_1_189' title='bbox 1831 1319 2114 1374; x_wconf 87' lang='lat' dir='ltr'><strong>tribuitur.</strong></span> 
     </span>
    </p>
   </div>
   <div class='ocr_carea' id='block_1_29' title="bbox 1903 1577 3402 1651">
    <p class='ocr_par' dir='ltr' id='par_1_29' title="bbox 1903 1577 3402 1651">
     <span class='ocr_line' id='line_1_29' title="bbox 1903 1577 3402 1651; baseline 0.001 -20"><span class='ocrx_word' id='word_1_190' title='bbox 1903 1578 1963 1631; x_wconf 86' lang='lat' dir='ltr'><strong>B.</strong></span> <span class='ocrx_word' id='word_1_191' title='bbox 2022 1577 2118 1631; x_wconf 89' lang='lat' dir='ltr'><strong>Die</strong></span> <span class='ocrx_word' id='word_1_192' title='bbox 2182 1577 2335 1643; x_wconf 89' lang='lat' dir='ltr'><strong>mihi,</strong></span> <span class='ocrx_word' id='word_1_193' title='bbox 2394 1579 2513 1649; x_wconf 87' lang='lat' dir='ltr'><strong>ipsa</strong></span> <span class='ocrx_word' id='word_1_194' title='bbox 2561 1593 2719 1635; x_wconf 85' lang='lat' dir='ltr'><strong>mens</strong></span> <span class='ocrx_word' id='word_1_195' title='bbox 2783 1580 3039 1646; x_wconf 87' lang='lat' dir='ltr'><strong>humana,</strong></span> <span class='ocrx_word' id='word_1_196' title='bbox 3100 1597 3223 1651; x_wconf 78' lang='lat' dir='ltr'><strong>qua:</strong></span> <span class='ocrx_word' id='word_1_197' title='bbox 3278 1598 3402 1636; x_wconf 85' lang='lat' dir='ltr'><strong>cum</strong></span> 
     </span>
    </p>
   </div>
   <div class='ocr_carea' id='block_1_30' title="bbox 1832 1666 3405 1735">
    <p class='ocr_par' dir='ltr' id='par_1_30' title="bbox 1832 1666 3405 1735">
     <span class='ocr_line' id='line_1_30' title="bbox 1832 1666 3405 1735; baseline 0.001 -14"><span class='ocrx_word' id='word_1_198' title='bbox 1832 1666 2050 1721; x_wconf 87' lang='lat' dir='ltr'><strong>diabolo</strong></span> <span class='ocrx_word' id='word_1_199' title='bbox 2081 1667 2414 1732; x_wconf 87' lang='lat' dir='ltr'><strong>luctabatur,</strong></span> <span class='ocrx_word' id='word_1_200' title='bbox 2447 1669 2841 1725; x_wconf 86' lang='lat' dir='ltr'><strong>movebaturne</strong></span> <span class='ocrx_word' id='word_1_201' title='bbox 2873 1685 2901 1724; x_wconf 89' lang='lat' dir='ltr'><strong>a</strong></span> <span class='ocrx_word' id='word_1_202' title='bbox 2940 1685 3019 1735; x_wconf 86' lang='lat' dir='ltr'><strong>se,</strong></span> <span class='ocrx_word' id='word_1_203' title='bbox 3048 1684 3116 1725; x_wconf 87' lang='lat' dir='ltr'><strong>an</strong></span> <span class='ocrx_word' id='word_1_204' title='bbox 3152 1672 3221 1725; x_wconf 87' lang='lat' dir='ltr'><strong>ab</strong></span> <span class='ocrx_word' id='word_1_205' title='bbox 3242 1670 3405 1726; x_wconf 72' lang='lat' dir='ltr'><strong>alio?</strong></span> 
     </span>
    </p>
   </div>
   <div class='ocr_carea' id='block_1_31' title="bbox 220 1840 1726 1932">
    <p class='ocr_par' dir='ltr' id='par_1_31' title="bbox 220 1854 1726 1932">
     <span class='ocr_line' id='line_1_31' title="bbox 220 1854 1726 1932; baseline 0.005 -27"><span class='ocrx_word' id='word_1_206' title='bbox 220 1855 286 1907; x_wconf 86' lang='lat' dir='ltr'><strong>A.</strong></span> <span class='ocrx_word' id='word_1_207' title='bbox 324 1854 535 1927; x_wconf 77' lang='grc' dir='ltr'>Ὥσπερ</span> <span class='ocrx_word' id='word_1_208' title='bbox 563 1858 625 1910; x_wconf 76' lang='grc' dir='ltr'>οὐ</span> <span class='ocrx_word' id='word_1_209' title='bbox 661 1858 883 1927; x_wconf 85' lang='grc' dir='ltr'>λέγεται</span> <span class='ocrx_word' id='word_1_210' title='bbox 913 1864 941 1914; x_wconf 83' lang='grc' dir='ltr'>ὁ</span> <span class='ocrx_word' id='word_1_211' title='bbox 967 1861 1057 1924; x_wconf 71' lang='grc' dir='ltr'>σὸς</span> <span class='ocrx_word' id='word_1_212' title='bbox 1098 1862 1243 1922; x_wconf 84' lang='grc' dir='ltr'>νοῦς,</span> <span class='ocrx_word' id='word_1_213' title='bbox 1275 1862 1307 1932; x_wconf 79' lang='grc' dir='ltr'>ἢ</span> <span class='ocrx_word' id='word_1_214' title='bbox 1346 1861 1499 1925; x_wconf 86' lang='grc' dir='ltr'>ποῦς,</span> <span class='ocrx_word' id='word_1_215' title='bbox 1530 1862 1561 1932; x_wconf 85' lang='grc' dir='ltr'>ἢ</span> <span class='ocrx_word' id='word_1_216' title='bbox 1604 1861 1726 1932; x_wconf 67' lang='grc' dir='ltr'>χεὶρ</span> 
     </span>
    </p>
   </div>
   <div class='ocr_carea' id='block_1_32' title="bbox 1830 1840 3404 1932">
    <p class='ocr_par' dir='ltr' id='par_1_32' title="bbox 1899 1846 3404 1919">
     <span class='ocr_line' id='line_1_32' title="bbox 1899 1846 3404 1919; baseline 0.001 -18"><span class='ocrx_word' id='word_1_217' title='bbox 1899 1848 1961 1904; x_wconf 79' lang='grc' dir='ltr'><strong>Α.</strong></span> <span class='ocrx_word' id='word_1_218' title='bbox 2005 1847 2159 1903; x_wconf 90' lang='lat' dir='ltr'><strong>Sicut</strong></span> <span class='ocrx_word' id='word_1_219' title='bbox 2187 1862 2295 1902; x_wconf 91' lang='lat' dir='ltr'><strong>non</strong></span> <span class='ocrx_word' id='word_1_220' title='bbox 2326 1846 2529 1903; x_wconf 89' lang='lat' dir='ltr'><strong>dicitur</strong></span> <span class='ocrx_word' id='word_1_221' title='bbox 2563 1863 2721 1904; x_wconf 91' lang='lat' dir='ltr'><strong>mens</strong></span> <span class='ocrx_word' id='word_1_222' title='bbox 2753 1855 2868 1912; x_wconf 87' lang='lat' dir='ltr'><strong>tua,</strong></span> <span class='ocrx_word' id='word_1_223' title='bbox 2894 1858 2989 1902; x_wconf 86' lang='lat' dir='ltr'><strong>aut</strong></span> <span class='ocrx_word' id='word_1_224' title='bbox 3017 1863 3134 1919; x_wconf 87' lang='lat' dir='ltr'><strong>pes,</strong></span> <span class='ocrx_word' id='word_1_225' title='bbox 3170 1855 3265 1902; x_wconf 87' lang='lat' dir='ltr'><strong>aut</strong></span> <span class='ocrx_word' id='word_1_226' title='bbox 3286 1862 3404 1902; x_wconf 85' lang='lat' dir='ltr'><strong>ma-</strong></span> 
     </span>
    </p>
   </div>
   <div class='ocr_carea' id='block_1_33' title="bbox 150 1945 1726 2023">
    <p class='ocr_par' dir='ltr' id='par_1_33' title="bbox 150 1945 1726 2023">
     <span class='ocr_line' id='line_1_33' title="bbox 150 1945 1726 2023; baseline 0.005 -26"><span class='ocrx_word' id='word_1_227' title='bbox 150 1945 419 1998; x_wconf 77' lang='grc' dir='ltr'>κινεῖσθαι</span> <span class='ocrx_word' id='word_1_228' title='bbox 446 1963 460 1976; x_wconf 88' lang='grc'><strong>·</strong></span> <span class='ocrx_word' id='word_1_229' title='bbox 498 1951 563 2002; x_wconf 75' lang='grc' dir='ltr'><strong>σὺ</strong></span> <span class='ocrx_word' id='word_1_230' title='bbox 590 1950 696 2019; x_wconf 73' lang='grc' dir='ltr'><strong>γάρ</strong></span> <span class='ocrx_word' id='word_1_231' title='bbox 724 1953 751 2003; x_wconf 88' lang='grc' dir='ltr'>ὁ</span> <span class='ocrx_word' id='word_1_232' title='bbox 782 1951 873 2003; x_wconf 83' lang='grc' dir='ltr'><strong>τὸν</strong></span> <span class='ocrx_word' id='word_1_233' title='bbox 904 1952 995 2005; x_wconf 85' lang='grc' dir='ltr'><strong>σὸν</strong></span> <span class='ocrx_word' id='word_1_234' title='bbox 1021 1950 1166 2016; x_wconf 87' lang='grc' dir='ltr'>νοῦν,</span> <span class='ocrx_word' id='word_1_235' title='bbox 1210 1955 1302 2007; x_wconf 73' lang='grc' dir='ltr'><strong>καὶ</strong></span> <span class='ocrx_word' id='word_1_236' title='bbox 1335 1954 1403 2007; x_wconf 78' lang='grc' dir='ltr'><strong>τά</strong></span> <span class='ocrx_word' id='word_1_237' title='bbox 1442 1954 1603 2023; x_wconf 82' lang='grc' dir='ltr'>μέλη,</span> <span class='ocrx_word' id='word_1_238' title='bbox 1633 1954 1726 2007; x_wconf 73' lang='grc' dir='ltr'>καὶ</span> 
     </span>
    </p>
   </div>
   <div class='ocr_carea' id='block_1_34' title="bbox 148 2037 1729 2116">
    <p class='ocr_par' dir='ltr' id='par_1_34' title="bbox 148 2037 1729 2116">
     <span class='ocr_line' id='line_1_34' title="bbox 148 2037 1729 2116; baseline 0.006 -29"><span class='ocrx_word' id='word_1_239' title='bbox 148 2038 245 2098; x_wconf 67' lang='grc' dir='ltr'>τὰς</span> <span class='ocrx_word' id='word_1_240' title='bbox 275 2037 536 2107; x_wconf 85' lang='grc' dir='ltr'>δυνάμεις</span> <span class='ocrx_word' id='word_1_241' title='bbox 565 2042 750 2106; x_wconf 81' lang='grc' dir='ltr'>κινῶν,</span> <span class='ocrx_word' id='word_1_242' title='bbox 775 2043 870 2095; x_wconf 77' lang='grc' dir='ltr'>καὶ</span> <span class='ocrx_word' id='word_1_243' title='bbox 905 2044 1206 2115; x_wconf 75' lang='grc' dir='ltr'>ῥυθμίζων,</span> <span class='ocrx_word' id='word_1_244' title='bbox 1231 2046 1306 2109; x_wconf 83' lang='grc' dir='ltr'>ὡς</span> <span class='ocrx_word' id='word_1_245' title='bbox 1330 2046 1512 2116; x_wconf 83' lang='grc' dir='ltr'>βούλει</span> <span class='ocrx_word' id='word_1_246' title='bbox 1534 2063 1546 2076; x_wconf 76' lang='grc' dir='ltr'><strong>ο</strong></span> <span class='ocrx_word' id='word_1_247' title='bbox 1582 2043 1729 2097; x_wconf 80' lang='grc' dir='ltr'>οὓτω</span> 
     </span>
    </p>
   </div>
   <div class='ocr_carea' id='block_1_35' title="bbox 150 2129 1726 2209">
    <p class='ocr_par' dir='ltr' id='par_1_35' title="bbox 150 2129 1726 2209">
     <span class='ocr_line' id='line_1_35' title="bbox 150 2129 1726 2209; baseline 0.005 -30"><span class='ocrx_word' id='word_1_248' title='bbox 150 2129 241 2180; x_wconf 80' lang='grc' dir='ltr'><strong>καὶ</strong></span> <span class='ocrx_word' id='word_1_249' title='bbox 268 2131 296 2182; x_wconf 87' lang='grc' dir='ltr'><em>ὁ</em></span> <span class='ocrx_word' id='word_1_250' title='bbox 325 2130 458 2191; x_wconf 79' lang='grc' dir='ltr'>Θεὸς</span> <span class='ocrx_word' id='word_1_251' title='bbox 499 2134 694 2200; x_wconf 76' lang='grc' dir='ltr'>Λόγος,</span> <span class='ocrx_word' id='word_1_252' title='bbox 726 2134 889 2199; x_wconf 80' lang='grc' dir='ltr'>αὐτὸς</span> <span class='ocrx_word' id='word_1_253' title='bbox 920 2131 1011 2207; x_wconf 81' lang='grc' dir='ltr'><strong>ἦν,</strong></span> <span class='ocrx_word' id='word_1_254' title='bbox 1039 2139 1067 2190; x_wconf 83' lang='grc' dir='ltr'>ὁ</span> <span class='ocrx_word' id='word_1_255' title='bbox 1092 2138 1186 2190; x_wconf 81' lang='grc' dir='ltr'><strong>τὸν</strong></span> <span class='ocrx_word' id='word_1_256' title='bbox 1230 2138 1358 2191; x_wconf 78' lang='grc' dir='ltr'>ἴδιον</span> <span class='ocrx_word' id='word_1_257' title='bbox 1385 2136 1726 2209; x_wconf 82' lang='grc' dir='ltr'>ἀνθρώπινον</span> 
     </span>
    </p>
   </div>
   <div class='ocr_carea' id='block_1_36' title="bbox 150 2220 1727 2298">
    <p class='ocr_par' dir='ltr' id='par_1_36' title="bbox 150 2220 1727 2298">
     <span class='ocr_line' id='line_1_36' title="bbox 150 2220 1727 2298; baseline 0.006 -27"><span class='ocrx_word' id='word_1_258' title='bbox 150 2220 299 2287; x_wconf 87' lang='grc' dir='ltr'>νοῦν,</span> <span class='ocrx_word' id='word_1_259' title='bbox 342 2224 436 2276; x_wconf 74' lang='grc' dir='ltr'><strong>καὶ</strong></span> <span class='ocrx_word' id='word_1_260' title='bbox 475 2224 574 2287; x_wconf 73' lang='grc' dir='ltr'>τὰς</span> <span class='ocrx_word' id='word_1_261' title='bbox 623 2227 929 2295; x_wconf 74' lang='grc' dir='ltr'>αἰσθήσεις,</span> <span class='ocrx_word' id='word_1_262' title='bbox 977 2230 1073 2282; x_wconf 77' lang='grc' dir='ltr'>καὶ</span> <span class='ocrx_word' id='word_1_263' title='bbox 1125 2230 1365 2298; x_wconf 84' lang='grc' dir='ltr'>φυσικὰς</span> <span class='ocrx_word' id='word_1_264' title='bbox 1410 2230 1573 2293; x_wconf 75' lang='grc' dir='ltr'>ἕξεις,</span> <span class='ocrx_word' id='word_1_265' title='bbox 1633 2230 1727 2282; x_wconf 71' lang='grc' dir='ltr'><strong>καὶ</strong></span> 
     </span>
    </p>
   </div>
   <div class='ocr_carea' id='block_1_37' title="bbox 149 2306 1727 2388">
    <p class='ocr_par' dir='ltr' id='par_1_37' title="bbox 149 2306 1727 2388">
     <span class='ocr_line' id='line_1_37' title="bbox 149 2306 1727 2388; baseline 0.008 -29"><span class='ocrx_word' id='word_1_266' title='bbox 149 2306 406 2377; x_wconf 83' lang='grc' dir='ltr'>δυνάμεις</span> <span class='ocrx_word' id='word_1_267' title='bbox 433 2311 625 2375; x_wconf 82' lang='grc' dir='ltr'>κινῶν,</span> <span class='ocrx_word' id='word_1_268' title='bbox 658 2314 755 2366; x_wconf 70' lang='grc' dir='ltr'>καὶ</span> <span class='ocrx_word' id='word_1_269' title='bbox 775 2315 1167 2387; x_wconf 84' lang='grc' dir='ltr'>διακυϐερνῶν,</span> <span class='ocrx_word' id='word_1_270' title='bbox 1187 2317 1264 2381; x_wconf 83' lang='grc' dir='ltr'>ὡς</span> <span class='ocrx_word' id='word_1_271' title='bbox 1286 2317 1559 2386; x_wconf 79' lang='grc' dir='ltr'>βούλεται,</span> <span class='ocrx_word' id='word_1_272' title='bbox 1590 2317 1727 2388; x_wconf 81' lang='grc' dir='ltr'>πρὸς</span> 
     </span>
    </p>
   </div>
   <div class='ocr_carea' id='block_1_38' title="bbox 150 2394 1729 2478">
    <p class='ocr_par' dir='ltr' id='par_1_38' title="bbox 150 2394 1729 2478">
     <span class='ocr_line' id='line_1_38' title="bbox 150 2394 1729 2478; baseline 0.008 -31"><span class='ocrx_word' id='word_1_273' title='bbox 150 2394 211 2447; x_wconf 74' lang='grc' dir='ltr'>τὸ</span> <span class='ocrx_word' id='word_1_274' title='bbox 244 2398 537 2467; x_wconf 78' lang='grc' dir='ltr'>εἰρημένον</span> <span class='ocrx_word' id='word_1_275' title='bbox 562 2402 713 2474; x_wconf 68' lang='grc' dir='ltr'>παρὰ</span> <span class='ocrx_word' id='word_1_276' title='bbox 750 2404 865 2468; x_wconf 80' lang='grc' dir='ltr'>σοῦ,</span> <span class='ocrx_word' id='word_1_277' title='bbox 898 2405 980 2459; x_wconf 81' lang='grc' dir='ltr'><strong>ὅτι</strong></span> <span class='ocrx_word' id='word_1_278' title='bbox 1020 2406 1395 2478; x_wconf 81' lang='grc' dir='ltr'>αύτοκίνητος,</span> <span class='ocrx_word' id='word_1_279' title='bbox 1429 2407 1461 2478; x_wconf 79' lang='grc' dir='ltr'><strong>ἢ</strong></span> <span class='ocrx_word' id='word_1_280' title='bbox 1490 2407 1729 2477; x_wconf 82' lang='grc' dir='ltr'>ὲτεροκί-</span> 
     </span>
    </p>
   </div>
   <div class='ocr_carea' id='block_1_39' title="bbox 152 2491 1726 2570">
    <p class='ocr_par' dir='ltr' id='par_1_39' title="bbox 152 2491 1726 2570">
     <span class='ocr_line' id='line_1_39' title="bbox 152 2491 1726 2570; baseline 0.017 -31"><span class='ocrx_word' id='word_1_281' title='bbox 152 2504 314 2555; x_wconf 81' lang='grc' dir='ltr'>νητος</span> <span class='ocrx_word' id='word_1_282' title='bbox 344 2492 372 2543; x_wconf 84' lang='grc' dir='ltr'>ὁ</span> <span class='ocrx_word' id='word_1_283' title='bbox 408 2491 533 2556; x_wconf 91' lang='grc' dir='ltr'>νοῦς</span> <span class='ocrx_word' id='word_1_284' title='bbox 562 2494 656 2547; x_wconf 87' lang='grc' dir='ltr'><strong>τοῦ</strong></span> <span class='ocrx_word' id='word_1_285' title='bbox 688 2496 930 2567; x_wconf 83' lang='grc' dir='ltr'>Χριστοῦ</span> <span class='ocrx_word' id='word_1_286' title='bbox 952 2511 967 2526; x_wconf 83' lang='lat'><strong><em>°</em></strong></span> <span class='ocrx_word' id='word_1_287' title='bbox 1001 2497 1159 2551; x_wconf 89' lang='grc' dir='ltr'>τοῦτό</span> <span class='ocrx_word' id='word_1_288' title='bbox 1204 2516 1407 2570; x_wconf 79' lang='grc' dir='ltr'>φαμεν,</span> <span class='ocrx_word' id='word_1_289' title='bbox 1441 2500 1517 2561; x_wconf 77' lang='grc' dir='ltr'>ὡς</span> <span class='ocrx_word' id='word_1_290' title='bbox 1549 2498 1663 2569; x_wconf 76' lang='grc' dir='ltr'>ἔχει</span> <span class='ocrx_word' id='word_1_291' title='bbox 1693 2500 1726 2570; x_wconf 75' lang='grc' dir='ltr'>ἢ</span> 
     </span>
    </p>
   </div>
   <div class='ocr_carea' id='block_1_40' title="bbox 156 2578 1727 2661">
    <p class='ocr_par' dir='ltr' id='par_1_40' title="bbox 156 2578 1727 2661">
     <span class='ocr_line' id='line_1_40' title="bbox 156 2578 1727 2661; baseline 0.01 -30"><span class='ocrx_word' id='word_1_292' title='bbox 156 2578 342 2648; x_wconf 71' lang='grc' dir='ltr'>φύσις,</span> <span class='ocrx_word' id='word_1_293' title='bbox 378 2583 496 2654; x_wconf 82' lang='grc' dir='ltr'>ἡτοι</span> <span class='ocrx_word' id='word_1_294' title='bbox 530 2587 625 2639; x_wconf 69' lang='grc' dir='ltr'><strong>καὶ</strong></span> <span class='ocrx_word' id='word_1_295' title='bbox 652 2588 684 2656; x_wconf 85' lang='grc' dir='ltr'><strong>ἡ</strong></span> <span class='ocrx_word' id='word_1_296' title='bbox 720 2587 891 2658; x_wconf 74' lang='grc' dir='ltr'>ψυχὴ,</span> <span class='ocrx_word' id='word_1_297' title='bbox 919 2589 1015 2642; x_wconf 71' lang='grc' dir='ltr'>καὶ</span> <span class='ocrx_word' id='word_1_298' title='bbox 1038 2590 1100 2644; x_wconf 85' lang='grc' dir='ltr'><strong>τδ</strong></span> <span class='ocrx_word' id='word_1_299' title='bbox 1117 2590 1300 2661; x_wconf 89' lang='grc' dir='ltr'>σῶμα,</span> <span class='ocrx_word' id='word_1_300' title='bbox 1327 2592 1420 2644; x_wconf 75' lang='grc' dir='ltr'><strong>καὶ</strong></span> <span class='ocrx_word' id='word_1_301' title='bbox 1441 2592 1509 2644; x_wconf 82' lang='grc' dir='ltr'>τὰ</span> <span class='ocrx_word' id='word_1_302' title='bbox 1538 2592 1727 2646; x_wconf 89' lang='grc' dir='ltr'>τούτου</span> 
     </span>
    </p>
   </div>
   <div class='ocr_carea' id='block_1_41' title="bbox 158 2670 1729 2753">
    <p class='ocr_par' dir='ltr' id='par_1_41' title="bbox 158 2670 1729 2753">
     <span class='ocr_line' id='line_1_41' title="bbox 158 2670 1729 2753; baseline 0.009 -31"><span class='ocrx_word' id='word_1_303' title='bbox 158 2670 324 2742; x_wconf 80' lang='grc' dir='ltr'>μέρη,</span> <span class='ocrx_word' id='word_1_304' title='bbox 358 2674 455 2727; x_wconf 74' lang='grc' dir='ltr'>καὶ</span> <span class='ocrx_word' id='word_1_305' title='bbox 506 2677 861 2749; x_wconf 82' lang='grc' dir='ltr'>αἰσθητήρια,</span> <span class='ocrx_word' id='word_1_306' title='bbox 911 2681 1146 2736; x_wconf 77' lang='grc' dir='ltr'>ἕκαστον</span> <span class='ocrx_word' id='word_1_307' title='bbox 1201 2682 1338 2736; x_wconf 82' lang='grc' dir='ltr'>ἰδίαν</span> <span class='ocrx_word' id='word_1_308' title='bbox 1376 2682 1505 2736; x_wconf 69' lang='grc' dir='ltr'><strong>¹τινα</strong></span> <span class='ocrx_word' id='word_1_309' title='bbox 1550 2684 1729 2753; x_wconf 82' lang='grc' dir='ltr'>ἁπλῆν</span> 
     </span>
    </p>
   </div>
   <div class='ocr_carea' id='block_1_42' title="bbox 156 2761 1730 2844">
    <p class='ocr_par' dir='ltr' id='par_1_42' title="bbox 156 2761 1730 2844">
     <span class='ocr_line' id='line_1_42' title="bbox 156 2761 1730 2844; baseline 0.01 -31"><span class='ocrx_word' id='word_1_310' title='bbox 156 2761 253 2815; x_wconf 74' lang='grc' dir='ltr'>καὶ</span> <span class='ocrx_word' id='word_1_311' title='bbox 278 2765 517 2837; x_wconf 84' lang='grc' dir='ltr'>φυσικὴν</span> <span class='ocrx_word' id='word_1_312' title='bbox 544 2770 784 2839; x_wconf 86' lang='grc' dir='ltr'>κίνησιν.</span> <span class='ocrx_word' id='word_1_313' title='bbox 819 2773 880 2825; x_wconf 83' lang='lat' dir='ltr'><strong>El</strong></span> <span class='ocrx_word' id='word_1_314' title='bbox 921 2773 997 2844; x_wconf 81' lang='grc' dir='ltr'><strong>μὴ</strong></span> <span class='ocrx_word' id='word_1_315' title='bbox 1030 2773 1138 2843; x_wconf 80' lang='grc' dir='ltr'>γὰρ</span> <span class='ocrx_word' id='word_1_316' title='bbox 1170 2773 1354 2844; x_wconf 75' lang='grc' dir='ltr'>ἔχουσι</span> <span class='ocrx_word' id='word_1_317' title='bbox 1379 2778 1552 2828; x_wconf 85' lang='grc' dir='ltr'>ταῦτα</span> <span class='ocrx_word' id='word_1_318' title='bbox 1587 2779 1730 2829; x_wconf 81' lang='grc' dir='ltr'>κατὰ</span> 
     </span>
    </p>
   </div>
   <div class='ocr_carea' id='block_1_43' title="bbox 155 2852 1729 2935">
    <p class='ocr_par' dir='ltr' id='par_1_43' title="bbox 155 2852 1729 2935">
     <span class='ocr_line' id='line_1_43' title="bbox 155 2852 1729 2935; baseline 0.008 -29"><span class='ocrx_word' id='word_1_319' title='bbox 155 2852 321 2921; x_wconf 76' lang='grc' dir='ltr'>φύσιν</span> <span class='ocrx_word' id='word_1_320' title='bbox 342 2858 465 2910; x_wconf 82' lang='grc' dir='ltr'>τινὰ</span> <span class='ocrx_word' id='word_1_321' title='bbox 488 2858 731 2931; x_wconf 88' lang='grc' dir='ltr'>κίνησιν,</span> <span class='ocrx_word' id='word_1_322' title='bbox 772 2862 873 2915; x_wconf 82' lang='grc' dir='ltr'><strong>οὐκ</strong></span> <span class='ocrx_word' id='word_1_323' title='bbox 904 2863 969 2916; x_wconf 87' lang='grc' dir='ltr'>ἂν</span> <span class='ocrx_word' id='word_1_324' title='bbox 993 2866 1155 2933; x_wconf 81' lang='grc' dir='ltr'>ἡμεῖς</span> <span class='ocrx_word' id='word_1_325' title='bbox 1193 2864 1556 2935; x_wconf 84' lang='grc' dir='ltr'>δυνηθείημεν</span> <span class='ocrx_word' id='word_1_326' title='bbox 1590 2865 1729 2920; x_wconf 81' lang='grc' dir='ltr'>αὐτὰ</span> 
     </span>
    </p>
   </div>
   <div class='ocr_carea' id='block_1_44' title="bbox 155 2945 1728 3025">
    <p class='ocr_par' dir='ltr' id='par_1_44' title="bbox 155 2945 1728 3025">
     <span class='ocr_line' id='line_1_44' title="bbox 155 2945 1728 3025; baseline 0.007 -28"><span class='ocrx_word' id='word_1_327' title='bbox 155 2945 404 3014; x_wconf 79' lang='grc' dir='ltr'>κινῆσαι.</span> <span class='ocrx_word' id='word_1_328' title='bbox 445 2948 556 3019; x_wconf 85' lang='grc' dir='ltr'>Τὴν</span> <span class='ocrx_word' id='word_1_329' title='bbox 592 2946 688 3004; x_wconf 75' lang='grc' dir='ltr'><strong>οὖν</strong></span> <span class='ocrx_word' id='word_1_330' title='bbox 716 2950 952 3023; x_wconf 80' lang='grc' dir='ltr'>φυσικὴν</span> <span class='ocrx_word' id='word_1_331' title='bbox 988 2955 1081 3007; x_wconf 78' lang='grc' dir='ltr'><strong>καὶ</strong></span> <span class='ocrx_word' id='word_1_332' title='bbox 1128 2953 1306 3023; x_wconf 81' lang='grc' dir='ltr'>ἁπλῆν</span> <span class='ocrx_word' id='word_1_333' title='bbox 1332 2955 1546 3025; x_wconf 86' lang='grc' dir='ltr'>κίνησιν</span> <span class='ocrx_word' id='word_1_334' title='bbox 1567 2957 1728 3025; x_wconf 80' lang='grc' dir='ltr'>ἡμεῖς</span> 
     </span>
    </p>
   </div>
   <div class='ocr_carea' id='block_1_45' title="bbox 153 3037 1726 3118">
    <p class='ocr_par' dir='ltr' id='par_1_45' title="bbox 153 3037 1726 3118">
     <span class='ocr_line' id='line_1_45' title="bbox 153 3037 1726 3118; baseline 0.008 -29"><span class='ocrx_word' id='word_1_335' title='bbox 153 3037 706 3109; x_wconf 77' lang='grc' dir='ltr'>παραλαμϐάνοντες,</span> <span class='ocrx_word' id='word_1_336' title='bbox 746 3044 1009 3114; x_wconf 87' lang='grc' dir='ltr'>κινοῦμεν</span> <span class='ocrx_word' id='word_1_337' title='bbox 1039 3048 1134 3098; x_wconf 79' lang='grc' dir='ltr'>καὶ</span> <span class='ocrx_word' id='word_1_338' title='bbox 1168 3045 1507 3116; x_wconf 78' lang='grc' dir='ltr'>ῥυθμίζομεν</span> <span class='ocrx_word' id='word_1_339' title='bbox 1535 3048 1726 3118; x_wconf 80' lang='grc' dir='ltr'>αὐτὴν,</span> 
     </span>
    </p>
   </div>
   <div class='ocr_carea' id='block_1_46' title="bbox 151 3128 1729 3208">
    <p class='ocr_par' dir='ltr' id='par_1_46' title="bbox 151 3128 1729 3208">
     <span class='ocr_line' id='line_1_46' title="bbox 151 3128 1729 3208; baseline 0.006 -29"><span class='ocrx_word' id='word_1_340' title='bbox 151 3128 231 3189; x_wconf 84' lang='grc' dir='ltr'>ὡς</span> <span class='ocrx_word' id='word_1_341' title='bbox 259 3128 323 3180; x_wconf 78' lang='grc' dir='ltr'><strong>ἂν</strong></span> <span class='ocrx_word' id='word_1_342' title='bbox 362 3129 713 3201; x_wconf 65' lang='grc' dir='ltr'>βουλοίμεθα,</span> <span class='ocrx_word' id='word_1_343' title='bbox 750 3133 952 3197; x_wconf 85' lang='grc' dir='ltr'>καλῶς,</span> <span class='ocrx_word' id='word_1_344' title='bbox 986 3133 1018 3203; x_wconf 77' lang='grc' dir='ltr'>ἢ</span> <span class='ocrx_word' id='word_1_345' title='bbox 1050 3134 1257 3198; x_wconf 88' lang='grc' dir='ltr'>κακῶς.</span> <span class='ocrx_word' id='word_1_346' title='bbox 1279 3130 1402 3188; x_wconf 75' lang='grc' dir='ltr'>Οἷον</span> <span class='ocrx_word' id='word_1_347' title='bbox 1425 3135 1608 3206; x_wconf 76' lang='grc' dir='ltr'>ἔχουσι</span> <span class='ocrx_word' id='word_1_348' title='bbox 1630 3136 1729 3208; x_wconf 80' lang='grc' dir='ltr'>τὴν</span> 
     </span>
    </p>
   </div>
   <div class='ocr_carea' id='block_1_47' title="bbox 152 3217 1724 3293">
    <p class='ocr_par' dir='ltr' id='par_1_47' title="bbox 152 3217 1724 3293">
     <span class='ocr_line' id='line_1_47' title="bbox 152 3217 1724 3293; baseline 0.006 -22"><span class='ocrx_word' id='word_1_349' title='bbox 152 3217 470 3291; x_wconf 79' lang='grc' dir='ltr'>βαδιστικὴν</span> <span class='ocrx_word' id='word_1_350' title='bbox 504 3221 719 3290; x_wconf 86' lang='grc' dir='ltr'>κίνησιν</span> <span class='ocrx_word' id='word_1_351' title='bbox 750 3223 997 3291; x_wconf 83' lang='grc' dir='ltr'>φυσικῶς</span> <span class='ocrx_word' id='word_1_352' title='bbox 1037 3226 1085 3277; x_wconf 85' lang='grc' dir='ltr'><strong>οἰ</strong></span> <span class='ocrx_word' id='word_1_353' title='bbox 1129 3225 1321 3287; x_wconf 81' lang='grc' dir='ltr'>πόδες·</span> <span class='ocrx_word' id='word_1_354' title='bbox 1372 3224 1484 3293; x_wconf 76' lang='grc' dir='ltr'>ἐγὼ</span> <span class='ocrx_word' id='word_1_355' title='bbox 1528 3226 1586 3279; x_wconf 86' lang='grc' dir='ltr'>δὲ</span> <span class='ocrx_word' id='word_1_356' title='bbox 1628 3227 1724 3280; x_wconf 76' lang='grc' dir='ltr'>κέ-</span> 
     </span>
    </p>
   </div>
   <div class='ocr_carea' id='block_1_48' title="bbox 150 3314 1725 3389">
    <p class='ocr_par' dir='ltr' id='par_1_48' title="bbox 150 3314 1725 3389">
     <span class='ocr_line' id='line_1_48' title="bbox 150 3314 1725 3389; baseline 0.003 -23"><span class='ocrx_word' id='word_1_357' title='bbox 150 3327 365 3381; x_wconf 82' lang='grc' dir='ltr'>χρημαι</span> <span class='ocrx_word' id='word_1_358' title='bbox 417 3316 484 3383; x_wconf 82' lang='grc' dir='ltr'><strong>τῇ</strong></span> <span class='ocrx_word' id='word_1_359' title='bbox 564 3314 814 3384; x_wconf 87' lang='grc' dir='ltr'>βαδίσει,</span> <span class='ocrx_word' id='word_1_360' title='bbox 865 3316 942 3378; x_wconf 81' lang='grc' dir='ltr'>ὡς</span> <span class='ocrx_word' id='word_1_361' title='bbox 1015 3316 1298 3387; x_wconf 86' lang='grc' dir='ltr'>βούλομαι.</span> <span class='ocrx_word' id='word_1_362' title='bbox 1362 3318 1620 3389; x_wconf 84' lang='grc' dir='ltr'>’Ἑχουσιν</span> <span class='ocrx_word' id='word_1_363' title='bbox 1675 3319 1725 3372; x_wconf 91' lang='grc' dir='ltr'><strong>οἰ</strong></span> 
     </span>
    </p>
   </div>
   <div class='ocr_carea' id='block_1_49' title="bbox 147 3402 1722 3481">
    <p class='ocr_par' dir='ltr' id='par_1_49' title="bbox 147 3402 1722 3481">
     <span class='ocr_line' id='line_1_49' title="bbox 147 3402 1722 3481; baseline 0.007 -28"><span class='ocrx_word' id='word_1_364' title='bbox 147 3402 419 3472; x_wconf 70' lang='grc' dir='ltr'>ὀφθαλμοὶ</span> <span class='ocrx_word' id='word_1_365' title='bbox 473 3403 532 3456; x_wconf 79' lang='grc' dir='ltr'>τὸ</span> <span class='ocrx_word' id='word_1_366' title='bbox 566 3404 756 3469; x_wconf 80' lang='grc' dir='ltr'>ἁπλῶς</span> <span class='ocrx_word' id='word_1_367' title='bbox 804 3407 970 3477; x_wconf 83' lang='grc' dir='ltr'>ὁρᾷν’</span> <span class='ocrx_word' id='word_1_368' title='bbox 1022 3408 1134 3475; x_wconf 79' lang='grc' dir='ltr'><strong>ἐγὼ</strong></span> <span class='ocrx_word' id='word_1_369' title='bbox 1172 3408 1251 3472; x_wconf 72' lang='grc' dir='ltr'>δὲ,</span> <span class='ocrx_word' id='word_1_370' title='bbox 1303 3410 1377 3473; x_wconf 85' lang='grc' dir='ltr'><strong>ὡς</strong></span> <span class='ocrx_word' id='word_1_371' title='bbox 1437 3409 1722 3481; x_wconf 79' lang='grc' dir='ltr'>βούλομαι,</span> 
     </span>
    </p>
   </div>
   <div class='ocr_carea' id='block_1_50' title="bbox 150 3491 1724 3569">
    <p class='ocr_par' dir='ltr' id='par_1_50' title="bbox 150 3491 1724 3569">
     <span class='ocr_line' id='line_1_50' title="bbox 150 3491 1724 3569; baseline 0.008 -26"><span class='ocrx_word' id='word_1_372' title='bbox 150 3491 434 3562; x_wconf 79' lang='grc' dir='ltr'>κέχρημαι</span> <span class='ocrx_word' id='word_1_373' title='bbox 482 3496 548 3563; x_wconf 86' lang='grc' dir='ltr'>τῇ</span> <span class='ocrx_word' id='word_1_374' title='bbox 579 3494 792 3564; x_wconf 83' lang='grc' dir='ltr'>ὁράσει.</span> <span class='ocrx_word' id='word_1_375' title='bbox 827 3496 901 3549; x_wconf 88' lang='grc' dir='ltr'><strong>Τὸ</strong></span> <span class='ocrx_word' id='word_1_376' title='bbox 945 3492 1039 3550; x_wconf 85' lang='grc' dir='ltr'><strong>οῦν</strong></span> <span class='ocrx_word' id='word_1_377' title='bbox 1076 3498 1209 3569; x_wconf 80' lang='grc' dir='ltr'>ὁρᾷν</span> <span class='ocrx_word' id='word_1_378' title='bbox 1248 3499 1312 3552; x_wconf 80' lang='grc' dir='ltr'>ὲκ</span> <span class='ocrx_word' id='word_1_379' title='bbox 1350 3499 1450 3569; x_wconf 89' lang='grc' dir='ltr'><strong>τῆς</strong></span> <span class='ocrx_word' id='word_1_380' title='bbox 1506 3500 1724 3569; x_wconf 88' lang='grc' dir='ltr'>φύσεως</span> 
     </span>
    </p>
   </div>
   <div class='ocr_carea' id='block_1_51' title="bbox 150 3581 1726 3659">
    <p class='ocr_par' dir='ltr' id='par_1_51' title="bbox 150 3581 1726 3659">
     <span class='ocr_line' id='line_1_51' title="bbox 150 3581 1726 3659; baseline 0.008 -25"><span class='ocrx_word' id='word_1_381' title='bbox 150 3581 288 3651; x_wconf 80' lang='grc' dir='ltr'><strong>ἔχω’</strong></span> <span class='ocrx_word' id='word_1_382' title='bbox 321 3584 481 3647; x_wconf 80' lang='grc' dir='ltr'>τὸδὲ,</span> <span class='ocrx_word' id='word_1_383' title='bbox 521 3584 639 3647; x_wconf 87' lang='grc' dir='ltr'><strong>πῶς</strong></span> <span class='ocrx_word' id='word_1_384' title='bbox 672 3586 825 3657; x_wconf 74' lang='grc' dir='ltr'>ὁρᾷν,</span> <span class='ocrx_word' id='word_1_385' title='bbox 857 3587 917 3652; x_wconf 78' lang='grc' dir='ltr'>ἐξ</span> <span class='ocrx_word' id='word_1_386' title='bbox 942 3589 1182 3659; x_wconf 78' lang='grc' dir='ltr'>ἐμαυτοῦ</span> <span class='ocrx_word' id='word_1_387' title='bbox 1231 3591 1401 3645; x_wconf 79' lang='grc' dir='ltr'>ἐστιν.</span> <span class='ocrx_word' id='word_1_388' title='bbox 1446 3592 1726 3655; x_wconf 80' lang='grc' dir='ltr'>Ὡσαύτως</span> 
     </span>
    </p>
   </div>
   <div class='ocr_carea' id='block_1_52' title="bbox 151 3674 1725 3752">
    <p class='ocr_par' dir='ltr' id='par_1_52' title="bbox 151 3674 1725 3752">
     <span class='ocr_line' id='line_1_52' title="bbox 151 3674 1725 3752; baseline 0.006 -25"><span class='ocrx_word' id='word_1_389' title='bbox 151 3674 249 3727; x_wconf 71' lang='grc' dir='ltr'><strong>καὶ</strong></span> <span class='ocrx_word' id='word_1_390' title='bbox 280 3675 370 3727; x_wconf 71' lang='grc' dir='ltr'>ἐπὶ</span> <span class='ocrx_word' id='word_1_391' title='bbox 400 3676 499 3744; x_wconf 89' lang='grc' dir='ltr'><strong>τῆς</strong></span> <span class='ocrx_word' id='word_1_392' title='bbox 527 3675 824 3746; x_wconf 86' lang='grc' dir='ltr'>θελήσεως,</span> <span class='ocrx_word' id='word_1_393' title='bbox 858 3680 954 3732; x_wconf 80' lang='grc' dir='ltr'>καὶ</span> <span class='ocrx_word' id='word_1_394' title='bbox 980 3679 1090 3731; x_wconf 86' lang='grc' dir='ltr'><strong>τῶν</strong></span> <span class='ocrx_word' id='word_1_395' title='bbox 1121 3680 1331 3733; x_wconf 81' lang='grc' dir='ltr'>λοιπῶν</span> <span class='ocrx_word' id='word_1_396' title='bbox 1372 3682 1470 3752; x_wconf 81' lang='grc' dir='ltr'><strong>τῆς</strong></span> <span class='ocrx_word' id='word_1_397' title='bbox 1508 3683 1725 3752; x_wconf 85' lang='grc' dir='ltr'>φύσεως</span> 
     </span>
    </p>
   </div>
   <div class='ocr_carea' id='block_1_53' title="bbox 154 3764 1726 3844">
    <p class='ocr_par' dir='ltr' id='par_1_53' title="bbox 154 3764 1726 3844">
     <span class='ocr_line' id='line_1_53' title="bbox 154 3764 1726 3844; baseline 0.006 -28"><span class='ocrx_word' id='word_1_398' title='bbox 154 3764 361 3835; x_wconf 82' lang='grc' dir='ltr'>μερῶν,</span> <span class='ocrx_word' id='word_1_399' title='bbox 410 3767 507 3819; x_wconf 77' lang='grc' dir='ltr'>καὶ</span> <span class='ocrx_word' id='word_1_400' title='bbox 558 3768 651 3820; x_wconf 75' lang='grc' dir='ltr'><strong>ἐπὶ</strong></span> <span class='ocrx_word' id='word_1_401' title='bbox 699 3767 861 3822; x_wconf 82' lang='grc' dir='ltr'>αὑτοῦ</span> <span class='ocrx_word' id='word_1_402' title='bbox 910 3769 1008 3822; x_wconf 90' lang='grc' dir='ltr'><strong>τοῦ</strong></span> <span class='ocrx_word' id='word_1_403' title='bbox 1038 3771 1152 3825; x_wconf 88' lang='grc' dir='ltr'>νοῦ.</span> <span class='ocrx_word' id='word_1_404' title='bbox 1195 3772 1241 3802; x_wconf 82' lang='grc'><strong>⁸⁸</strong></span> <span class='ocrx_word' id='word_1_405' title='bbox 1275 3771 1428 3841; x_wconf 82' lang='grc' dir='ltr'>Ἔχει</span> <span class='ocrx_word' id='word_1_406' title='bbox 1472 3773 1582 3844; x_wconf 83' lang='grc' dir='ltr'>γὰρ</span> <span class='ocrx_word' id='word_1_407' title='bbox 1631 3774 1726 3828; x_wconf 76' lang='grc' dir='ltr'><strong>καὶ</strong></span> 
     </span>
    </p>
   </div>
   <div class='ocr_carea' id='block_1_54' title="bbox 151 3856 1726 3936">
    <p class='ocr_par' dir='ltr' id='par_1_54' title="bbox 151 3856 1726 3936">
     <span class='ocr_line' id='line_1_54' title="bbox 151 3856 1726 3936; baseline 0.006 -26"><span class='ocrx_word' id='word_1_408' title='bbox 151 3856 315 3929; x_wconf 50' lang='grc' dir='ltr'>αὐτῇς</span> <span class='ocrx_word' id='word_1_409' title='bbox 342 3858 590 3925; x_wconf 83' lang='grc' dir='ltr'>φυσικῶς</span> <span class='ocrx_word' id='word_1_410' title='bbox 620 3859 683 3911; x_wconf 73' lang='grc' dir='ltr'><strong>τὸ</strong></span> <span class='ocrx_word' id='word_1_411' title='bbox 726 3858 912 3922; x_wconf 84' lang='grc' dir='ltr'>ἁπλῶς</span> <span class='ocrx_word' id='word_1_412' title='bbox 937 3859 1275 3928; x_wconf 75' lang='grc' dir='ltr'>λογίζεσθαι,</span> <span class='ocrx_word' id='word_1_413' title='bbox 1318 3864 1415 3915; x_wconf 77' lang='grc' dir='ltr'><strong>καὶ</strong></span> <span class='ocrx_word' id='word_1_414' title='bbox 1466 3864 1650 3929; x_wconf 90' lang='grc' dir='ltr'>τοῦτο,</span> <span class='ocrx_word' id='word_1_415' title='bbox 1690 3866 1726 3936; x_wconf 81' lang='grc' dir='ltr'><strong>ἢ</strong></span> 
     </span>
    </p>
   </div>
   <div class='ocr_carea' id='block_1_55' title="bbox 149 3946 1726 4024">
    <p class='ocr_par' dir='ltr' id='par_1_55' title="bbox 149 3946 1726 4024">
     <span class='ocr_line' id='line_1_55' title="bbox 149 3946 1726 4024; baseline 0.006 -24"><span class='ocrx_word' id='word_1_416' title='bbox 149 3946 343 4000; x_wconf 87' lang='grc' dir='ltr'>τοῦτο·</span> <span class='ocrx_word' id='word_1_417' title='bbox 377 3946 489 4016; x_wconf 78' lang='grc' dir='ltr'><strong>ἐγὼ</strong></span> <span class='ocrx_word' id='word_1_418' title='bbox 531 3950 587 4002; x_wconf 82' lang='grc' dir='ltr'>δὲ</span> <span class='ocrx_word' id='word_1_419' title='bbox 622 3952 689 4020; x_wconf 77' lang='grc' dir='ltr'>τῇ</span> <span class='ocrx_word' id='word_1_420' title='bbox 727 3950 959 4023; x_wconf 75' lang='grc' dir='ltr'>τοιαύτῃ</span> <span class='ocrx_word' id='word_1_421' title='bbox 987 3956 1190 4024; x_wconf 83' lang='grc' dir='ltr'>φυσικῇ</span> <span class='ocrx_word' id='word_1_422' title='bbox 1219 3954 1447 4024; x_wconf 83' lang='grc' dir='ltr'>δυνάμει</span> <span class='ocrx_word' id='word_1_423' title='bbox 1492 3954 1589 4009; x_wconf 89' lang='grc' dir='ltr'><strong>τοῦ</strong></span> <span class='ocrx_word' id='word_1_424' title='bbox 1633 3956 1726 4010; x_wconf 92' lang='grc' dir='ltr'><strong>νοῦ</strong></span> 
     </span>
    </p>
   </div>
   <div class='ocr_carea' id='block_1_56' title="bbox 152 4038 1724 4117">
    <p class='ocr_par' dir='ltr' id='par_1_56' title="bbox 152 4038 1724 4117">
     <span class='ocr_line' id='line_1_56' title="bbox 152 4038 1724 4117; baseline 0.007 -27"><span class='ocrx_word' id='word_1_425' title='bbox 152 4038 453 4109; x_wconf 76' lang='grc' dir='ltr'>κέχρημαι,</span> <span class='ocrx_word' id='word_1_426' title='bbox 480 4040 555 4102; x_wconf 85' lang='grc' dir='ltr'><strong>ὡς</strong></span> <span class='ocrx_word' id='word_1_427' title='bbox 583 4040 849 4111; x_wconf 80' lang='grc' dir='ltr'>βούλομαι</span> <span class='ocrx_word' id='word_1_428' title='bbox 882 4042 1023 4095; x_wconf 69' lang='grc' dir='ltr'>κατὰ</span> <span class='ocrx_word' id='word_1_429' title='bbox 1045 4041 1296 4114; x_wconf 84' lang='grc' dir='ltr'>γνώμην,</span> <span class='ocrx_word' id='word_1_430' title='bbox 1328 4047 1447 4116; x_wconf 75' lang='grc' dir='ltr'>ἦτοι</span> <span class='ocrx_word' id='word_1_431' title='bbox 1483 4046 1644 4111; x_wconf 83' lang='grc' dir='ltr'>καλά,</span> <span class='ocrx_word' id='word_1_432' title='bbox 1692 4049 1724 4117; x_wconf 77' lang='grc' dir='ltr'>ἦ</span> 
     </span>
    </p>
   </div>
   <div class='ocr_carea' id='block_1_57' title="bbox 151 4128 1726 4208">
    <p class='ocr_par' dir='ltr' id='par_1_57' title="bbox 151 4128 1726 4208">
     <span class='ocr_line' id='line_1_57' title="bbox 151 4128 1726 4208; baseline 0.007 -26"><span class='ocrx_word' id='word_1_433' title='bbox 151 4131 303 4183; x_wconf 71' lang='grc' dir='ltr'>κακὰ</span> <span class='ocrx_word' id='word_1_434' title='bbox 329 4128 702 4203; x_wconf 79' lang='grc' dir='ltr'>λογιζόμενος,</span> <span class='ocrx_word' id='word_1_435' title='bbox 734 4135 831 4187; x_wconf 78' lang='grc' dir='ltr'>καὶ</span> <span class='ocrx_word' id='word_1_436' title='bbox 864 4136 1344 4206; x_wconf 78' lang='grc' dir='ltr'>κατεργαζόμενος</span> <span class='ocrx_word' id='word_1_437' title='bbox 1364 4138 1462 4208; x_wconf 83' lang='grc' dir='ltr'><strong>τὴν</strong></span> <span class='ocrx_word' id='word_1_438' title='bbox 1500 4138 1594 4192; x_wconf 90' lang='grc' dir='ltr'><strong>τοῦ</strong></span> <span class='ocrx_word' id='word_1_439' title='bbox 1633 4140 1726 4193; x_wconf 90' lang='grc' dir='ltr'><strong>νοῦ</strong></span> 
     </span>
    </p>
   </div>
   <div class='ocr_carea' id='block_1_58' title="bbox 150 4222 1723 4297">
    <p class='ocr_par' dir='ltr' id='par_1_58' title="bbox 150 4222 1723 4297">
     <span class='ocr_line' id='line_1_58' title="bbox 150 4222 1723 4297; baseline 0.004 -21"><span class='ocrx_word' id='word_1_440' title='bbox 150 4222 402 4293; x_wconf 78' lang='grc' dir='ltr'>δύναμιν,</span> <span class='ocrx_word' id='word_1_441' title='bbox 424 4227 501 4289; x_wconf 87' lang='grc' dir='ltr'><strong>εἰς</strong></span> <span class='ocrx_word' id='word_1_442' title='bbox 530 4226 668 4295; x_wconf 84' lang='grc' dir='ltr'>ὅπερ</span> <span class='ocrx_word' id='word_1_443' title='bbox 699 4227 945 4297; x_wconf 82' lang='grc' dir='ltr'>ἐφίεμαι.</span> <span class='ocrx_word' id='word_1_444' title='bbox 974 4228 1048 4280; x_wconf 78' lang='grc' dir='ltr'><strong>Τὸ</strong></span> <span class='ocrx_word' id='word_1_445' title='bbox 1078 4228 1208 4296; x_wconf 88' lang='grc' dir='ltr'>γοῦν</span> <span class='ocrx_word' id='word_1_446' title='bbox 1232 4229 1419 4293; x_wconf 82' lang='grc' dir='ltr'>ἁπλῶς</span> <span class='ocrx_word' id='word_1_447' title='bbox 1434 4230 1723 4289; x_wconf 84' lang='grc' dir='ltr'>κινεῖσθαι,</span> 
     </span>
    </p>
   </div>
   <div class='ocr_carea' id='block_1_59' title="bbox 153 4312 1728 4390">
    <p class='ocr_par' dir='ltr' id='par_1_59' title="bbox 153 4312 1728 4390">
     <span class='ocr_line' id='line_1_59' title="bbox 153 4312 1728 4390; baseline 0.006 -25"><span class='ocrx_word' id='word_1_448' title='bbox 153 4312 294 4365; x_wconf 73' lang='grc' dir='ltr'>κατὰ</span> <span class='ocrx_word' id='word_1_449' title='bbox 354 4313 452 4382; x_wconf 80' lang='grc' dir='ltr'>τὴν</span> <span class='ocrx_word' id='word_1_450' title='bbox 515 4315 754 4384; x_wconf 89' lang='grc' dir='ltr'>ἰδιότητα</span> <span class='ocrx_word' id='word_1_451' title='bbox 804 4316 1035 4369; x_wconf 84' lang='grc' dir='ltr'>ἑκάστου</span> <span class='ocrx_word' id='word_1_452' title='bbox 1093 4318 1293 4386; x_wconf 77' lang='grc' dir='ltr'>μέρους</span> <span class='ocrx_word' id='word_1_453' title='bbox 1350 4320 1449 4390; x_wconf 86' lang='grc' dir='ltr'><strong>τῆς</strong></span> <span class='ocrx_word' id='word_1_454' title='bbox 1512 4320 1728 4389; x_wconf 84' lang='grc' dir='ltr'>φύσεώς</span> 
     </span>
    </p>
   </div>
   <div class='ocr_carea' id='block_1_60' title="bbox 153 4405 1729 4476">
    <p class='ocr_par' dir='ltr' id='par_1_60' title="bbox 153 4405 1729 4476">
     <span class='ocr_line' id='line_1_60' title="bbox 153 4405 1729 4476; baseline 0.006 -21"><span class='ocrx_word' id='word_1_455' title='bbox 153 4405 306 4455; x_wconf 80' lang='grc' dir='ltr'>ἐστι·</span> <span class='ocrx_word' id='word_1_456' title='bbox 341 4405 401 4456; x_wconf 75' lang='grc' dir='ltr'>τὸ</span> <span class='ocrx_word' id='word_1_457' title='bbox 433 4405 489 4457; x_wconf 82' lang='grc' dir='ltr'>δὲ</span> <span class='ocrx_word' id='word_1_458' title='bbox 517 4405 633 4468; x_wconf 85' lang='grc' dir='ltr'><strong>πῶς</strong></span> <span class='ocrx_word' id='word_1_459' title='bbox 688 4407 980 4469; x_wconf 84' lang='grc' dir='ltr'>κινεῖσθαι,</span> <span class='ocrx_word' id='word_1_460' title='bbox 1014 4408 1113 4476; x_wconf 82' lang='grc' dir='ltr'><strong>τῆς</strong></span> <span class='ocrx_word' id='word_1_461' title='bbox 1156 4409 1528 4473; x_wconf 77' lang='grc' dir='ltr'>ὑποστάσεως.</span> <span class='ocrx_word' id='word_1_462' title='bbox 1573 4411 1729 4465; x_wconf 82' lang='grc' dir='ltr'>υῦτω</span> 
     </span>
    </p>
   </div>
   <div class='ocr_carea' id='block_1_61' title="bbox 1829 1939 3401 2010">
    <p class='ocr_par' dir='ltr' id='par_1_61' title="bbox 1829 1939 3401 2010">
     <span class='ocr_line' id='line_1_61' title="bbox 1829 1939 3401 2010; baseline -0.001 -16"><span class='ocrx_word' id='word_1_463' title='bbox 1829 1957 1932 1995; x_wconf 87' lang='lat' dir='ltr'><strong>nus</strong></span> <span class='ocrx_word' id='word_1_464' title='bbox 1992 1939 2249 2007; x_wconf 85' lang='lat' dir='ltr'><strong>moveri;</strong></span> <span class='ocrx_word' id='word_1_465' title='bbox 2297 1950 2352 1993; x_wconf 93' lang='lat' dir='ltr'><strong>tu</strong></span> <span class='ocrx_word' id='word_1_466' title='bbox 2407 1942 2553 1994; x_wconf 88' lang='lat' dir='ltr'><strong>enim</strong></span> <span class='ocrx_word' id='word_1_467' title='bbox 2585 1955 2646 1995; x_wconf 91' lang='lat' dir='ltr'><strong>es</strong></span> <span class='ocrx_word' id='word_1_468' title='bbox 2677 1940 2772 2010; x_wconf 90' lang='lat' dir='ltr'><strong>qui</strong></span> <span class='ocrx_word' id='word_1_469' title='bbox 2824 1947 3063 1995; x_wconf 77' lang='lat' dir='ltr'><strong>mentem</strong></span> <span class='ocrx_word' id='word_1_470' title='bbox 3122 1948 3294 2003; x_wconf 88' lang='lat' dir='ltr'><strong>tuam,</strong></span> <span class='ocrx_word' id='word_1_471' title='bbox 3350 1948 3401 1994; x_wconf 74' lang='lat' dir='ltr'><strong>et</strong></span> 
     </span>
    </p>
   </div>
   <div class='ocr_carea' id='block_1_62' title="bbox 1829 2031 3399 2101">
    <p class='ocr_par' dir='ltr' id='par_1_62' title="bbox 1829 2031 3399 2101">
     <span class='ocr_line' id='line_1_62' title="bbox 1829 2031 3399 2101; baseline -0.001 -16"><span class='ocrx_word' id='word_1_472' title='bbox 1829 2031 2096 2095; x_wconf 87' lang='lat' dir='ltr'><strong>membra,</strong></span> <span class='ocrx_word' id='word_1_473' title='bbox 2148 2045 2213 2086; x_wconf 87' lang='lat' dir='ltr'><strong>ac</strong></span> <span class='ocrx_word' id='word_1_474' title='bbox 2260 2032 2533 2101; x_wconf 86' lang='lat' dir='ltr'><strong>potentias</strong></span> <span class='ocrx_word' id='word_1_475' title='bbox 2577 2046 2766 2089; x_wconf 84' lang='lat' dir='ltr'><strong>moves</strong></span> <span class='ocrx_word' id='word_1_476' title='bbox 2812 2040 2866 2088; x_wconf 88' lang='lat' dir='ltr'><strong>et</strong></span> <span class='ocrx_word' id='word_1_477' title='bbox 2901 2032 3209 2087; x_wconf 89' lang='lat' dir='ltr'><strong>moderaris</strong></span> <span class='ocrx_word' id='word_1_478' title='bbox 3259 2032 3399 2087; x_wconf 74' lang='lat' dir='ltr'><strong>siem</strong></span> 
     </span>
    </p>
   </div>
   <div class='ocr_carea' id='block_1_63' title="bbox 1828 2122 3401 2195">
    <p class='ocr_par' dir='ltr' id='par_1_63' title="bbox 1828 2122 3401 2195">
     <span class='ocr_line' id='line_1_63' title="bbox 1828 2122 3401 2195; baseline 0.001 -20"><span class='ocrx_word' id='word_1_479' title='bbox 1828 2123 1912 2178; x_wconf 85' lang='lat' dir='ltr'><strong>vis</strong></span> <span class='ocrx_word' id='word_1_480' title='bbox 1960 2142 1972 2177; x_wconf 89' lang='lat'>:</span> <span class='ocrx_word' id='word_1_481' title='bbox 2023 2124 2103 2178; x_wconf 89' lang='lat' dir='ltr'><strong>sic</strong></span> <span class='ocrx_word' id='word_1_482' title='bbox 2165 2122 2307 2178; x_wconf 88' lang='lat' dir='ltr'><strong>Deus</strong></span> <span class='ocrx_word' id='word_1_483' title='bbox 2368 2122 2601 2179; x_wconf 88' lang='lat' dir='ltr'><strong>Verbum</strong></span> <span class='ocrx_word' id='word_1_484' title='bbox 2656 2124 2773 2193; x_wconf 88' lang='lat' dir='ltr'><strong>ipse</strong></span> <span class='ocrx_word' id='word_1_485' title='bbox 2821 2133 2939 2179; x_wconf 88' lang='lat' dir='ltr'><strong>erat</strong></span> <span class='ocrx_word' id='word_1_486' title='bbox 2985 2125 3077 2194; x_wconf 89' lang='lat' dir='ltr'><strong>qui</strong></span> <span class='ocrx_word' id='word_1_487' title='bbox 3125 2123 3401 2195; x_wconf 84' lang='lat' dir='ltr'><strong>propriam</strong></span> 
     </span>
    </p>
   </div>
   <div class='ocr_carea' id='block_1_64' title="bbox 1830 2213 3395 2278">
    <p class='ocr_par' dir='ltr' id='par_1_64' title="bbox 1830 2213 3395 2278">
     <span class='ocr_line' id='line_1_64' title="bbox 1830 2213 3395 2278; baseline -0.001 -11"><span class='ocrx_word' id='word_1_488' title='bbox 1830 2222 2063 2268; x_wconf 80' lang='lat' dir='ltr'><strong>tuentem</strong></span> <span class='ocrx_word' id='word_1_489' title='bbox 2096 2216 2414 2278; x_wconf 88' lang='lat' dir='ltr'><strong>humanam,</strong></span> <span class='ocrx_word' id='word_1_490' title='bbox 2442 2224 2494 2268; x_wconf 90' lang='lat' dir='ltr'><strong>et</strong></span> <span class='ocrx_word' id='word_1_491' title='bbox 2520 2229 2739 2278; x_wconf 87' lang='lat' dir='ltr'><strong>sensus,</strong></span> <span class='ocrx_word' id='word_1_492' title='bbox 2766 2222 2820 2269; x_wconf 91' lang='lat' dir='ltr'><strong>et</strong></span> <span class='ocrx_word' id='word_1_493' title='bbox 2851 2214 3131 2269; x_wconf 88' lang='lat' dir='ltr'><strong>naturales</strong></span> <span class='ocrx_word' id='word_1_494' title='bbox 3155 2213 3395 2275; x_wconf 89' lang='lat' dir='ltr'><strong>habitus,</strong></span> 
     </span>
    </p>
   </div>
   <div class='ocr_carea' id='block_1_65' title="bbox 1828 2305 3397 2375">
    <p class='ocr_par' dir='ltr' id='par_1_65' title="bbox 1828 2305 3397 2375">
     <span class='ocr_line' id='line_1_65' title="bbox 1828 2305 3397 2375; baseline 0.001 -17"><span class='ocrx_word' id='word_1_495' title='bbox 1828 2320 1893 2359; x_wconf 87' lang='lat' dir='ltr'><strong>ac</strong></span> <span class='ocrx_word' id='word_1_496' title='bbox 1926 2306 2201 2375; x_wconf 84' lang='lat' dir='ltr'><strong>potentias</strong></span> <span class='ocrx_word' id='word_1_497' title='bbox 2253 2305 2508 2360; x_wconf 83' lang='lat' dir='ltr'><strong>movebat</strong></span> <span class='ocrx_word' id='word_1_498' title='bbox 2554 2312 2609 2361; x_wconf 90' lang='lat' dir='ltr'><strong>et</strong></span> <span class='ocrx_word' id='word_1_499' title='bbox 2658 2305 2998 2374; x_wconf 74' lang='lat' dir='ltr'><strong>gubernabat</strong></span> <span class='ocrx_word' id='word_1_500' title='bbox 3058 2314 3118 2360; x_wconf 90' lang='lat' dir='ltr'><strong>ut</strong></span> <span class='ocrx_word' id='word_1_501' title='bbox 3162 2305 3397 2360; x_wconf 83' lang='lat' dir='ltr'><strong>volebat.</strong></span> 
     </span>
    </p>
   </div>
   <div class='ocr_carea' id='block_1_66' title="bbox 1829 2396 3405 2467">
    <p class='ocr_par' dir='ltr' id='par_1_66' title="bbox 1829 2396 3405 2467">
     <span class='ocr_line' id='line_1_66' title="bbox 1829 2396 3405 2467; baseline 0 -15"><span class='ocrx_word' id='word_1_502' title='bbox 1829 2397 1985 2464; x_wconf 84' lang='lat' dir='ltr'><strong>Quod</strong></span> <span class='ocrx_word' id='word_1_503' title='bbox 2025 2406 2205 2453; x_wconf 86' lang='lat' dir='ltr'><strong>autem</strong></span> <span class='ocrx_word' id='word_1_504' title='bbox 2239 2397 2520 2467; x_wconf 67' lang='lat' dir='ltr'><strong>quaerebas</strong></span> <span class='ocrx_word' id='word_1_505' title='bbox 2548 2437 2564 2465; x_wconf 93' lang='lat'><strong>,</strong></span> <span class='ocrx_word' id='word_1_506' title='bbox 2598 2406 2778 2452; x_wconf 91' lang='lat' dir='ltr'><strong>utrum</strong></span> <span class='ocrx_word' id='word_1_507' title='bbox 2816 2412 2970 2454; x_wconf 83' lang='lat' dir='ltr'><strong>ntens</strong></span> <span class='ocrx_word' id='word_1_508' title='bbox 3011 2396 3214 2453; x_wconf 87' lang='lat' dir='ltr'><strong>Christi</strong></span> <span class='ocrx_word' id='word_1_509' title='bbox 3257 2412 3287 2450; x_wconf 89' lang='lat' dir='ltr'><strong>a</strong></span> <span class='ocrx_word' id='word_1_510' title='bbox 3345 2411 3405 2452; x_wconf 89' lang='lat' dir='ltr'><strong>se</strong></span> 
     </span>
    </p>
   </div>
   <div class='ocr_carea' id='block_1_67' title="bbox 1830 2489 3405 2562">
    <p class='ocr_par' dir='ltr' id='par_1_67' title="bbox 1830 2489 3405 2562">
     <span class='ocr_line' id='line_1_67' title="bbox 1830 2489 3405 2562; baseline 0.001 -19"><span class='ocrx_word' id='word_1_511' title='bbox 1830 2506 1897 2544; x_wconf 87' lang='lat' dir='ltr'><strong>an</strong></span> <span class='ocrx_word' id='word_1_512' title='bbox 1929 2489 2001 2545; x_wconf 86' lang='lat' dir='ltr'><strong>ab</strong></span> <span class='ocrx_word' id='word_1_513' title='bbox 2037 2490 2145 2545; x_wconf 88' lang='lat' dir='ltr'><strong>alio</strong></span> <span class='ocrx_word' id='word_1_514' title='bbox 2178 2497 2513 2557; x_wconf 79' lang='lat' dir='ltr'><strong>moveretur,</strong></span> <span class='ocrx_word' id='word_1_515' title='bbox 2543 2490 2939 2561; x_wconf 86' lang='lat' dir='ltr'><strong>respondemus</strong></span> <span class='ocrx_word' id='word_1_516' title='bbox 2970 2491 3116 2562; x_wconf 88' lang='lat' dir='ltr'><strong>quod</strong></span> <span class='ocrx_word' id='word_1_517' title='bbox 3141 2506 3318 2555; x_wconf 86' lang='lat' dir='ltr'><strong>mens,</strong></span> <span class='ocrx_word' id='word_1_518' title='bbox 3350 2499 3405 2545; x_wconf 85' lang='lat' dir='ltr'><strong>et</strong></span> 
     </span>
    </p>
   </div>
   <div class='ocr_carea' id='block_1_68' title="bbox 1832 2581 3402 2654">
    <p class='ocr_par' dir='ltr' id='par_1_68' title="bbox 1832 2581 3402 2654">
     <span class='ocr_line' id='line_1_68' title="bbox 1832 2581 3402 2654; baseline 0.001 -19"><span class='ocrx_word' id='word_1_519' title='bbox 1832 2582 2011 2637; x_wconf 84' lang='lat' dir='ltr'><strong>anima</strong></span> <span class='ocrx_word' id='word_1_520' title='bbox 2032 2581 2168 2652; x_wconf 75' lang='grc'><strong>(64),</strong></span> <span class='ocrx_word' id='word_1_521' title='bbox 2192 2589 2249 2637; x_wconf 91' lang='lat' dir='ltr'><strong>et</strong></span> <span class='ocrx_word' id='word_1_522' title='bbox 2275 2596 2503 2652; x_wconf 87' lang='lat' dir='ltr'><strong>corpus,</strong></span> <span class='ocrx_word' id='word_1_523' title='bbox 2525 2590 2581 2638; x_wconf 80' lang='lat' dir='ltr'><strong>et</strong></span> <span class='ocrx_word' id='word_1_524' title='bbox 2599 2591 2785 2654; x_wconf 89' lang='lat' dir='ltr'><strong>partes</strong></span> <span class='ocrx_word' id='word_1_525' title='bbox 2808 2583 3079 2653; x_wconf 90' lang='lat' dir='ltr'><strong>corporis,</strong></span> <span class='ocrx_word' id='word_1_526' title='bbox 3104 2592 3158 2638; x_wconf 91' lang='lat' dir='ltr'><strong>et</strong></span> <span class='ocrx_word' id='word_1_527' title='bbox 3179 2597 3402 2645; x_wconf 89' lang='lat' dir='ltr'><strong>sensus,</strong></span> 
     </span>
    </p>
   </div>
   <div class='ocr_carea' id='block_1_69' title="bbox 1830 2670 3404 2743">
    <p class='ocr_par' dir='ltr' id='par_1_69' title="bbox 1830 2670 3404 2743">
     <span class='ocr_line' id='line_1_69' title="bbox 1830 2670 3404 2743; baseline -0.001 -16"><span class='ocrx_word' id='word_1_528' title='bbox 1830 2673 2261 2743; x_wconf 86' lang='lat' dir='ltr'><strong>unumquodque</strong></span> <span class='ocrx_word' id='word_1_529' title='bbox 2293 2673 2486 2727; x_wconf 90' lang='lat' dir='ltr'><strong>horum</strong></span> <span class='ocrx_word' id='word_1_530' title='bbox 2518 2675 2801 2743; x_wconf 88' lang='lat' dir='ltr'><strong>proprium</strong></span> <span class='ocrx_word' id='word_1_531' title='bbox 2834 2670 3124 2743; x_wconf 82' lang='lat' dir='ltr'><strong>quemdam</strong></span> <span class='ocrx_word' id='word_1_532' title='bbox 3178 2682 3233 2729; x_wconf 88' lang='lat' dir='ltr'><strong>et</strong></span> <span class='ocrx_word' id='word_1_533' title='bbox 3273 2674 3404 2727; x_wconf 80' lang='lat' dir='ltr'><strong>sim-</strong></span> 
     </span>
    </p>
   </div>
   <div class='ocr_carea' id='block_1_70' title="bbox 1829 2762 3402 2832">
    <p class='ocr_par' dir='ltr' id='par_1_70' title="bbox 1829 2762 3402 2832">
     <span class='ocr_line' id='line_1_70' title="bbox 1829 2762 3402 2832; baseline 0.001 -16"><span class='ocrx_word' id='word_1_534' title='bbox 1829 2762 2029 2832; x_wconf 91' lang='lat' dir='ltr'><strong>plicem</strong></span> <span class='ocrx_word' id='word_1_535' title='bbox 2080 2776 2144 2817; x_wconf 86' lang='lat' dir='ltr'><strong>ac</strong></span> <span class='ocrx_word' id='word_1_536' title='bbox 2174 2764 2482 2818; x_wconf 89' lang='lat' dir='ltr'><strong>naturalem</strong></span> <span class='ocrx_word' id='word_1_537' title='bbox 2535 2773 2739 2818; x_wconf 88' lang='lat' dir='ltr'><strong>motmn</strong></span> <span class='ocrx_word' id='word_1_538' title='bbox 2791 2764 2975 2819; x_wconf 88' lang='lat' dir='ltr'><strong>habet.</strong></span> <span class='ocrx_word' id='word_1_539' title='bbox 3007 2762 3064 2818; x_wconf 89' lang='lat' dir='ltr'><strong>Si</strong></span> <span class='ocrx_word' id='word_1_540' title='bbox 3096 2764 3242 2818; x_wconf 86' lang='lat' dir='ltr'><strong>enim</strong></span> <span class='ocrx_word' id='word_1_541' title='bbox 3293 2778 3402 2818; x_wconf 84' lang='lat' dir='ltr'><strong>non</strong></span> 
     </span>
    </p>
   </div>
   <div class='ocr_carea' id='block_1_71' title="bbox 1830 2854 3403 2925">
    <p class='ocr_par' dir='ltr' id='par_1_71' title="bbox 1830 2854 3403 2925">
     <span class='ocr_line' id='line_1_71' title="bbox 1830 2854 3403 2925; baseline -0.003 -16"><span class='ocrx_word' id='word_1_542' title='bbox 1830 2855 2096 2909; x_wconf 85' lang='lat' dir='ltr'><strong>haberent</strong></span> <span class='ocrx_word' id='word_1_543' title='bbox 2126 2854 2243 2909; x_wconf 61' lang='lat' dir='ltr'><strong>haec</strong></span> <span class='ocrx_word' id='word_1_544' title='bbox 2286 2856 2587 2912; x_wconf 89' lang='lat' dir='ltr'><strong>secundum</strong></span> <span class='ocrx_word' id='word_1_545' title='bbox 2615 2865 2866 2910; x_wconf 89' lang='lat' dir='ltr'><strong>naturam</strong></span> <span class='ocrx_word' id='word_1_546' title='bbox 2903 2863 3111 2910; x_wconf 90' lang='lat' dir='ltr'><strong>motum</strong></span> <span class='ocrx_word' id='word_1_547' title='bbox 3140 2856 3403 2925; x_wconf 70' lang='lat' dir='ltr'><strong>aliquem,</strong></span> 
     </span>
    </p>
   </div>
   <div class='ocr_carea' id='block_1_72' title="bbox 1830 2948 3402 3018">
    <p class='ocr_par' dir='ltr' id='par_1_72' title="bbox 1830 2948 3402 3018">
     <span class='ocr_line' id='line_1_72' title="bbox 1830 2948 3402 3018; baseline -0.002 -15"><span class='ocrx_word' id='word_1_548' title='bbox 1830 2962 1943 3003; x_wconf 90' lang='lat' dir='ltr'><strong>non</strong></span> <span class='ocrx_word' id='word_1_549' title='bbox 1972 2963 2259 3018; x_wconf 90' lang='lat' dir='ltr'><strong>possemus</strong></span> <span class='ocrx_word' id='word_1_550' title='bbox 2289 2962 2394 3003; x_wconf 88' lang='lat' dir='ltr'><strong>nos</strong></span> <span class='ocrx_word' id='word_1_551' title='bbox 2440 2948 2677 3002; x_wconf 88' lang='lat' dir='ltr'><strong>naturali</strong></span> <span class='ocrx_word' id='word_1_552' title='bbox 2725 2955 2785 3002; x_wconf 72' lang='lat' dir='ltr'><strong>et</strong></span> <span class='ocrx_word' id='word_1_553' title='bbox 2824 2948 3061 3017; x_wconf 88' lang='lat' dir='ltr'><strong>simplici</strong></span> <span class='ocrx_word' id='word_1_554' title='bbox 3092 2956 3241 3002; x_wconf 88' lang='lat' dir='ltr'><strong>motu</strong></span> <span class='ocrx_word' id='word_1_555' title='bbox 3282 2964 3402 3002; x_wconf 16' lang='lat' dir='ltr'><strong>mn.-</strong></span> 
     </span>
    </p>
   </div>
   <div class='ocr_carea' id='block_1_73' title="bbox 1783 3036 3399 3110">
    <p class='ocr_par' dir='ltr' id='par_1_73' title="bbox 1783 3036 3399 3110">
     <span class='ocr_line' id='line_1_73' title="bbox 1783 3036 3399 3110; baseline -0.004 -15"><span class='ocrx_word' id='word_1_556' title='bbox 1783 3036 1786 3039; x_wconf 18' lang='grc' dir='ltr'><strong>Α</strong></span> <span class='ocrx_word' id='word_1_557' title='bbox 1830 3041 1966 3107; x_wconf 86' lang='lat' dir='ltr'><strong>veri,</strong></span> <span class='ocrx_word' id='word_1_558' title='bbox 1992 3055 2155 3110; x_wconf 89' lang='lat' dir='ltr'><strong>quem</strong></span> <span class='ocrx_word' id='word_1_559' title='bbox 2177 3054 2275 3093; x_wconf 90' lang='lat' dir='ltr'><strong>nos</strong></span> <span class='ocrx_word' id='word_1_560' title='bbox 2304 3040 2666 3108; x_wconf 87' lang='lat' dir='ltr'><strong>suscipimus,</strong></span> <span class='ocrx_word' id='word_1_561' title='bbox 2693 3048 2747 3093; x_wconf 88' lang='lat' dir='ltr'><strong>et</strong></span> <span class='ocrx_word' id='word_1_562' title='bbox 2773 3054 2839 3093; x_wconf 89' lang='lat' dir='ltr'><strong>eo</strong></span> <span class='ocrx_word' id='word_1_563' title='bbox 2872 3054 3180 3102; x_wconf 85' lang='lat' dir='ltr'><strong>movemur,</strong></span> <span class='ocrx_word' id='word_1_564' title='bbox 3206 3046 3261 3103; x_wconf 77' lang='lat' dir='ltr'><strong>et</strong></span> <span class='ocrx_word' id='word_1_565' title='bbox 3286 3054 3399 3091; x_wconf 89' lang='lat' dir='ltr'><strong>mo-</strong></span> 
     </span>
    </p>
   </div>
   <div class='ocr_carea' id='block_1_74' title="bbox 1831 3129 3401 3195">
    <p class='ocr_par' dir='ltr' id='par_1_74' title="bbox 1831 3129 3401 3195">
     <span class='ocr_line' id='line_1_74' title="bbox 1831 3129 3401 3195; baseline -0.002 -11"><span class='ocrx_word' id='word_1_566' title='bbox 1831 3130 2091 3186; x_wconf 87' lang='lat' dir='ltr'><strong>deramur</strong></span> <span class='ocrx_word' id='word_1_567' title='bbox 2119 3146 2269 3195; x_wconf 90' lang='lat' dir='ltr'><strong>eum,</strong></span> <span class='ocrx_word' id='word_1_568' title='bbox 2309 3140 2366 3184; x_wconf 91' lang='lat' dir='ltr'><strong>ut</strong></span> <span class='ocrx_word' id='word_1_569' title='bbox 2410 3130 2683 3193; x_wconf 88' lang='lat' dir='ltr'><strong>volumus,</strong></span> <span class='ocrx_word' id='word_1_570' title='bbox 2732 3131 2869 3185; x_wconf 88' lang='lat' dir='ltr'><strong>bene</strong></span> <span class='ocrx_word' id='word_1_571' title='bbox 2899 3131 2983 3184; x_wconf 88' lang='lat' dir='ltr'><strong>vel</strong></span> <span class='ocrx_word' id='word_1_572' title='bbox 3036 3130 3199 3185; x_wconf 90' lang='lat' dir='ltr'><strong>male.</strong></span> <span class='ocrx_word' id='word_1_573' title='bbox 3238 3129 3401 3185; x_wconf 81' lang='lat' dir='ltr'><strong>Verbi</strong></span> 
     </span>
    </p>
   </div>
   <div class='ocr_carea' id='block_1_75' title="bbox 1833 3219 3400 3292">
    <p class='ocr_par' dir='ltr' id='par_1_75' title="bbox 1833 3219 3400 3292">
     <span class='ocr_line' id='line_1_75' title="bbox 1833 3219 3400 3292; baseline -0.002 -17"><span class='ocrx_word' id='word_1_574' title='bbox 1833 3222 2027 3292; x_wconf 74' lang='lat' dir='ltr'><strong>gratia,</strong></span> <span class='ocrx_word' id='word_1_575' title='bbox 2071 3219 2270 3275; x_wconf 79' lang='lat' dir='ltr'><strong>habent</strong></span> <span class='ocrx_word' id='word_1_576' title='bbox 2305 3220 2469 3290; x_wconf 89' lang='lat' dir='ltr'><strong>pedes</strong></span> <span class='ocrx_word' id='word_1_577' title='bbox 2502 3220 2816 3276; x_wconf 80' lang='lat' dir='ltr'><strong>facultatem</strong></span> <span class='ocrx_word' id='word_1_578' title='bbox 2855 3221 3076 3276; x_wconf 88' lang='lat' dir='ltr'><strong>insitam</strong></span> <span class='ocrx_word' id='word_1_579' title='bbox 3110 3222 3178 3275; x_wconf 89' lang='lat' dir='ltr'><strong>ad</strong></span> <span class='ocrx_word' id='word_1_580' title='bbox 3214 3222 3400 3275; x_wconf 78' lang='lat' dir='ltr'><strong>ambu-</strong></span> 
     </span>
    </p>
   </div>
   <div class='ocr_carea' id='block_1_76' title="bbox 1833 3313 3402 3386">
    <p class='ocr_par' dir='ltr' id='par_1_76' title="bbox 1833 3313 3402 3386">
     <span class='ocr_line' id='line_1_76' title="bbox 1833 3313 3402 3386; baseline 0.001 -20"><span class='ocrx_word' id='word_1_581' title='bbox 1833 3313 2087 3381; x_wconf 89' lang='lat' dir='ltr'><strong>landum;</strong></span> <span class='ocrx_word' id='word_1_582' title='bbox 2126 3328 2229 3385; x_wconf 74' lang='lat' dir='ltr'><strong>ego</strong></span> <span class='ocrx_word' id='word_1_583' title='bbox 2255 3329 2386 3368; x_wconf 90' lang='lat' dir='ltr'><strong>vero</strong></span> <span class='ocrx_word' id='word_1_584' title='bbox 2442 3323 2568 3369; x_wconf 89' lang='lat' dir='ltr'><strong>utor</strong></span> <span class='ocrx_word' id='word_1_585' title='bbox 2600 3315 2875 3386; x_wconf 80' lang='lat' dir='ltr'><strong>ingressu,</strong></span> <span class='ocrx_word' id='word_1_586' title='bbox 2912 3315 3305 3380; x_wconf 88' lang='lat' dir='ltr'><strong>ambulatione,</strong></span> <span class='ocrx_word' id='word_1_587' title='bbox 3346 3323 3402 3367; x_wconf 91' lang='lat' dir='ltr'><strong>ut</strong></span> 
     </span>
    </p>
   </div>
   <div class='ocr_carea' id='block_1_77' title="bbox 1833 3401 3399 3474">
    <p class='ocr_par' dir='ltr' id='par_1_77' title="bbox 1833 3401 3399 3474">
     <span class='ocr_line' id='line_1_77' title="bbox 1833 3401 3399 3474; baseline 0.002 -21"><span class='ocrx_word' id='word_1_588' title='bbox 1833 3403 1973 3459; x_wconf 82' lang='lat' dir='ltr'><strong>volo.</strong></span> <span class='ocrx_word' id='word_1_589' title='bbox 2007 3401 2220 3458; x_wconf 83' lang='lat' dir='ltr'><strong>Habent</strong></span> <span class='ocrx_word' id='word_1_590' title='bbox 2248 3404 2397 3459; x_wconf 90' lang='lat' dir='ltr'><strong>oculi</strong></span> <span class='ocrx_word' id='word_1_591' title='bbox 2435 3404 2747 3459; x_wconf 80' lang='lat' dir='ltr'><strong>facultatem</strong></span> <span class='ocrx_word' id='word_1_592' title='bbox 2791 3405 3011 3460; x_wconf 85' lang='lat' dir='ltr'><strong>videndi</strong></span> <span class='ocrx_word' id='word_1_593' title='bbox 3045 3405 3365 3474; x_wconf 88' lang='lat' dir='ltr'><strong>simpliciter</strong></span> <span class='ocrx_word' id='word_1_594' title='bbox 3387 3446 3399 3466; x_wconf 89' lang='lat'><strong>,</strong></span> 
     </span>
    </p>
   </div>
   <div class='ocr_carea' id='block_1_78' title="bbox 1831 3496 3398 3568">
    <p class='ocr_par' dir='ltr' id='par_1_78' title="bbox 1831 3496 3398 3568">
     <span class='ocr_line' id='line_1_78' title="bbox 1831 3496 3398 3568; baseline 0.001 -21"><span class='ocrx_word' id='word_1_595' title='bbox 1831 3508 1932 3563; x_wconf 80' lang='lat' dir='ltr'><strong>ego</strong></span> <span class='ocrx_word' id='word_1_596' title='bbox 1959 3508 2089 3547; x_wconf 90' lang='lat' dir='ltr'><strong>vero</strong></span> <span class='ocrx_word' id='word_1_597' title='bbox 2129 3502 2378 3564; x_wconf 87' lang='lat' dir='ltr'><strong>aspectu,</strong></span> <span class='ocrx_word' id='word_1_598' title='bbox 2414 3504 2473 3548; x_wconf 92' lang='lat' dir='ltr'><strong>ut</strong></span> <span class='ocrx_word' id='word_1_599' title='bbox 2504 3496 2655 3559; x_wconf 85' lang='lat' dir='ltr'><strong>libet,</strong></span> <span class='ocrx_word' id='word_1_600' title='bbox 2690 3505 2837 3551; x_wconf 92' lang='lat' dir='ltr'><strong>utor.</strong></span> <span class='ocrx_word' id='word_1_601' title='bbox 2874 3497 2944 3553; x_wconf 72' lang='grc' dir='ltr'><strong>[τι</strong></span> <span class='ocrx_word' id='word_1_602' title='bbox 2967 3497 3134 3568; x_wconf 81' lang='lat' dir='ltr'><strong>igitur</strong></span> <span class='ocrx_word' id='word_1_603' title='bbox 3160 3496 3398 3558; x_wconf 89' lang='lat' dir='ltr'><strong>videam,</strong></span> 
     </span>
    </p>
   </div>
   <div class='ocr_carea' id='block_1_79' title="bbox 1833 3580 3399 3651">
    <p class='ocr_par' dir='ltr' id='par_1_79' title="bbox 1833 3580 3399 3651">
     <span class='ocr_line' id='line_1_79' title="bbox 1833 3580 3399 3651; baseline 0.002 -19"><span class='ocrx_word' id='word_1_604' title='bbox 1833 3592 1863 3632; x_wconf 86' lang='lat' dir='ltr'><strong>a</strong></span> <span class='ocrx_word' id='word_1_605' title='bbox 1934 3586 2129 3633; x_wconf 88' lang='lat' dir='ltr'><strong>natura</strong></span> <span class='ocrx_word' id='word_1_606' title='bbox 2181 3580 2394 3644; x_wconf 87' lang='lat' dir='ltr'><strong>habeo,</strong></span> <span class='ocrx_word' id='word_1_607' title='bbox 2430 3583 2717 3651; x_wconf 87' lang='lat' dir='ltr'><strong>quomodo</strong></span> <span class='ocrx_word' id='word_1_608' title='bbox 2775 3592 2956 3637; x_wconf 86' lang='lat' dir='ltr'><strong>autem</strong></span> <span class='ocrx_word' id='word_1_609' title='bbox 3034 3583 3273 3647; x_wconf 87' lang='lat' dir='ltr'><strong>videam,</strong></span> <span class='ocrx_word' id='word_1_610' title='bbox 3335 3598 3399 3636; x_wconf 82' lang='lat' dir='ltr'><strong>ex</strong></span> 
     </span>
    </p>
   </div>
   <div class='ocr_carea' id='block_1_80' title="bbox 1835 3664 3404 3743">
    <p class='ocr_par' dir='ltr' id='par_1_80' title="bbox 1835 3664 3404 3743">
     <span class='ocr_line' id='line_1_80' title="bbox 1835 3664 3404 3743; baseline 0.003 -23"><span class='ocrx_word' id='word_1_611' title='bbox 1835 3682 1920 3722; x_wconf 89' lang='lat' dir='ltr'><strong>me</strong></span> <span class='ocrx_word' id='word_1_612' title='bbox 1961 3676 2069 3725; x_wconf 88' lang='lat' dir='ltr'><strong>est.</strong></span> <span class='ocrx_word' id='word_1_613' title='bbox 2122 3664 2393 3724; x_wconf 82' lang='lat' dir='ltr'><strong>Similiter</strong></span> <span class='ocrx_word' id='word_1_614' title='bbox 2422 3671 2480 3723; x_wconf 84' lang='lat' dir='ltr'><strong>tit</strong></span> <span class='ocrx_word' id='word_1_615' title='bbox 2514 3672 2566 3724; x_wconf 92' lang='lat' dir='ltr'><strong>in</strong></span> <span class='ocrx_word' id='word_1_616' title='bbox 2619 3673 2917 3737; x_wconf 88' lang='lat' dir='ltr'><strong>voluntate,</strong></span> <span class='ocrx_word' id='word_1_617' title='bbox 2967 3683 3018 3726; x_wconf 86' lang='lat' dir='ltr'><strong>et</strong></span> <span class='ocrx_word' id='word_1_618' title='bbox 3078 3674 3128 3726; x_wconf 91' lang='lat' dir='ltr'><strong>in</strong></span> <span class='ocrx_word' id='word_1_619' title='bbox 3180 3674 3404 3743; x_wconf 75' lang='lat' dir='ltr'><strong>reliquis</strong></span> 
     </span>
    </p>
   </div>
   <div class='ocr_carea' id='block_1_81' title="bbox 1836 3760 3400 3833">
    <p class='ocr_par' dir='ltr' id='par_1_81' title="bbox 1836 3760 3400 3833">
     <span class='ocr_line' id='line_1_81' title="bbox 1836 3760 3400 3833; baseline 0.002 -20"><span class='ocrx_word' id='word_1_620' title='bbox 1836 3760 2090 3830; x_wconf 89' lang='lat' dir='ltr'><strong>partibus</strong></span> <span class='ocrx_word' id='word_1_621' title='bbox 2118 3768 2347 3825; x_wconf 58' lang='lat' dir='ltr'><strong>natura,</strong></span> <span class='ocrx_word' id='word_1_622' title='bbox 2380 3769 2434 3817; x_wconf 91' lang='lat' dir='ltr'><strong>et</strong></span> <span class='ocrx_word' id='word_1_623' title='bbox 2466 3763 2520 3816; x_wconf 92' lang='lat' dir='ltr'><strong>in</strong></span> <span class='ocrx_word' id='word_1_624' title='bbox 2566 3762 2681 3833; x_wconf 88' lang='lat' dir='ltr'><strong>ipsa</strong></span> <span class='ocrx_word' id='word_1_625' title='bbox 2711 3772 2916 3817; x_wconf 85' lang='lat' dir='ltr'><strong>mente.</strong></span> <span class='ocrx_word' id='word_1_626' title='bbox 2959 3763 3113 3827; x_wconf 88' lang='lat' dir='ltr'><strong>Utor,</strong></span> <span class='ocrx_word' id='word_1_627' title='bbox 3152 3772 3212 3817; x_wconf 95' lang='lat' dir='ltr'><strong>ut</strong></span> <span class='ocrx_word' id='word_1_628' title='bbox 3259 3766 3400 3827; x_wconf 82' lang='lat' dir='ltr'><strong>volo,</strong></span> 
     </span>
    </p>
   </div>
   <div class='ocr_carea' id='block_1_82' title="bbox 1833 3853 3402 3925">
    <p class='ocr_par' dir='ltr' id='par_1_82' title="bbox 1833 3853 3402 3925">
     <span class='ocr_line' id='line_1_82' title="bbox 1833 3853 3402 3925; baseline 0.003 -17"><span class='ocrx_word' id='word_1_629' title='bbox 1833 3862 1888 3908; x_wconf 91' lang='lat' dir='ltr'><strong>et</strong></span> <span class='ocrx_word' id='word_1_630' title='bbox 1918 3853 2220 3908; x_wconf 87' lang='lat' dir='ltr'><strong>secundum</strong></span> <span class='ocrx_word' id='word_1_631' title='bbox 2249 3855 2600 3919; x_wconf 87' lang='lat' dir='ltr'><strong>sententiam,</strong></span> <span class='ocrx_word' id='word_1_632' title='bbox 2627 3855 2676 3908; x_wconf 89' lang='lat' dir='ltr'><strong>id</strong></span> <span class='ocrx_word' id='word_1_633' title='bbox 2705 3863 2810 3919; x_wconf 80' lang='lat' dir='ltr'><strong>est,</strong></span> <span class='ocrx_word' id='word_1_634' title='bbox 2832 3855 3082 3917; x_wconf 85' lang='lat' dir='ltr'><strong>honesta,</strong></span> <span class='ocrx_word' id='word_1_635' title='bbox 3106 3864 3199 3910; x_wconf 90' lang='lat' dir='ltr'><strong>aut</strong></span> <span class='ocrx_word' id='word_1_636' title='bbox 3218 3872 3402 3925; x_wconf 76' lang='lat' dir='ltr'><strong>prava.</strong></span> 
     </span>
    </p>
   </div>
   <div class='ocr_carea' id='block_1_83' title="bbox 1834 3946 3401 4017">
    <p class='ocr_par' dir='ltr' id='par_1_83' title="bbox 1834 3946 3401 4017">
     <span class='ocr_line' id='line_1_83' title="bbox 1834 3946 3401 4017; baseline 0 -17"><span class='ocrx_word' id='word_1_637' title='bbox 1834 3954 2114 4017; x_wconf 90' lang='lat' dir='ltr'><strong>potestate</strong></span> <span class='ocrx_word' id='word_1_638' title='bbox 2170 3948 2371 4001; x_wconf 88' lang='lat' dir='ltr'><strong>mentis</strong></span> <span class='ocrx_word' id='word_1_639' title='bbox 2430 3946 2633 4017; x_wconf 83' lang='lat' dir='ltr'><strong>c0gito,</strong></span> <span class='ocrx_word' id='word_1_640' title='bbox 2690 3956 2744 3999; x_wconf 87' lang='lat' dir='ltr'><strong>et</strong></span> <span class='ocrx_word' id='word_1_641' title='bbox 2784 3961 3001 4017; x_wconf 87' lang='lat' dir='ltr'><strong>operor.</strong></span> <span class='ocrx_word' id='word_1_642' title='bbox 3049 3948 3203 4012; x_wconf 88' lang='lat' dir='ltr'><strong>Quod</strong></span> <span class='ocrx_word' id='word_1_643' title='bbox 3238 3948 3401 4016; x_wconf 83' lang='lat' dir='ltr'><strong>igitur</strong></span> 
     </span>
    </p>
   </div>
   <div class='ocr_carea' id='block_1_84' title="bbox 1834 4037 3400 4108">
    <p class='ocr_par' dir='ltr' id='par_1_84' title="bbox 1834 4037 3400 4108">
     <span class='ocr_line' id='line_1_84' title="bbox 1834 4037 3400 4108; baseline -0.001 -16"><span class='ocrx_word' id='word_1_644' title='bbox 1834 4038 2100 4098; x_wconf 79' lang='lat' dir='ltr'><strong>diximus,</strong></span> <span class='ocrx_word' id='word_1_645' title='bbox 2134 4037 2463 4106; x_wconf 88' lang='lat' dir='ltr'><strong>simpliciter</strong></span> <span class='ocrx_word' id='word_1_646' title='bbox 2505 4038 2709 4091; x_wconf 88' lang='lat' dir='ltr'><strong>moveri</strong></span> <span class='ocrx_word' id='word_1_647' title='bbox 2763 4040 3062 4093; x_wconf 88' lang='lat' dir='ltr'><strong>secundum</strong></span> <span class='ocrx_word' id='word_1_648' title='bbox 3096 4038 3400 4108; x_wconf 76' lang='lat' dir='ltr'><strong>proprieta~</strong></span> 
     </span>
    </p>
   </div>
   <div class='ocr_carea' id='block_1_85' title="bbox 1837 4128 3401 4200">
    <p class='ocr_par' dir='ltr' id='par_1_85' title="bbox 1837 4128 3401 4200">
     <span class='ocr_line' id='line_1_85' title="bbox 1837 4128 3401 4200; baseline -0.001 -16"><span class='ocrx_word' id='word_1_649' title='bbox 1837 4141 1941 4185; x_wconf 84' lang='lat' dir='ltr'><strong>tem</strong></span> <span class='ocrx_word' id='word_1_650' title='bbox 1974 4131 2242 4200; x_wconf 89' lang='lat' dir='ltr'><strong>cujusque</strong></span> <span class='ocrx_word' id='word_1_651' title='bbox 2276 4128 2442 4200; x_wconf 60' lang='lat'><strong>385</strong></span> <span class='ocrx_word' id='word_1_652' title='bbox 2468 4131 2639 4198; x_wconf 88' lang='lat' dir='ltr'><strong>partis</strong></span> <span class='ocrx_word' id='word_1_653' title='bbox 2667 4168 2682 4191; x_wconf 93' lang='lat'><strong>,</strong></span> <span class='ocrx_word' id='word_1_654' title='bbox 2722 4138 2933 4184; x_wconf 75' lang='lat' dir='ltr'><strong>natura:</strong></span> <span class='ocrx_word' id='word_1_655' title='bbox 2963 4142 3086 4195; x_wconf 87' lang='lat' dir='ltr'><strong>est;</strong></span> <span class='ocrx_word' id='word_1_656' title='bbox 3130 4131 3401 4200; x_wconf 84' lang='lat' dir='ltr'><strong>quomodo</strong></span> 
     </span>
    </p>
   </div>
   <div class='ocr_carea' id='block_1_86' title="bbox 1836 4221 3400 4291">
    <p class='ocr_par' dir='ltr' id='par_1_86' title="bbox 1836 4221 3400 4291">
     <span class='ocr_line' id='line_1_86' title="bbox 1836 4221 3400 4291; baseline -0.001 -16"><span class='ocrx_word' id='word_1_657' title='bbox 1836 4229 2013 4275; x_wconf 86' lang='lat' dir='ltr'><strong>autem</strong></span> <span class='ocrx_word' id='word_1_658' title='bbox 2044 4222 2171 4291; x_wconf 90' lang='lat' dir='ltr'><strong>quis</strong></span> <span class='ocrx_word' id='word_1_659' title='bbox 2218 4230 2524 4284; x_wconf 88' lang='lat' dir='ltr'><strong>moveatur,</strong></span> <span class='ocrx_word' id='word_1_660' title='bbox 2560 4238 2808 4291; x_wconf 64' lang='lat' dir='ltr'><strong>personae</strong></span> <span class='ocrx_word' id='word_1_661' title='bbox 2834 4230 2938 4278; x_wconf 91' lang='lat' dir='ltr'><strong>est.</strong></span> <span class='ocrx_word' id='word_1_662' title='bbox 2976 4222 3066 4276; x_wconf 87' lang='lat' dir='ltr'><strong>Sic</strong></span> <span class='ocrx_word' id='word_1_663' title='bbox 3096 4223 3149 4276; x_wconf 90' lang='lat' dir='ltr'><strong>in</strong></span> <span class='ocrx_word' id='word_1_664' title='bbox 3180 4221 3400 4277; x_wconf 70' lang='grc' dir='ltr'>Οιιτίειις</span> 
     </span>
    </p>
   </div>
   <div class='ocr_carea' id='block_1_87' title="bbox 1836 4312 3404 4385">
    <p class='ocr_par' dir='ltr' id='par_1_87' title="bbox 1836 4312 3404 4385">
     <span class='ocr_line' id='line_1_87' title="bbox 1836 4312 3404 4385; baseline 0 -16"><span class='ocrx_word' id='word_1_665' title='bbox 1836 4313 2101 4381; x_wconf 77' lang='lat' dir='ltr'><strong>intellige.</strong></span> <span class='ocrx_word' id='word_1_666' title='bbox 2138 4312 2296 4367; x_wconf 85' lang='lat' dir='ltr'><strong>Sicut</strong></span> <span class='ocrx_word' id='word_1_667' title='bbox 2323 4313 2528 4368; x_wconf 91' lang='lat' dir='ltr'><strong>dicitur</strong></span> <span class='ocrx_word' id='word_1_668' title='bbox 2554 4315 2706 4369; x_wconf 80' lang='lat' dir='ltr'><strong>faber</strong></span> <span class='ocrx_word' id='word_1_669' title='bbox 2738 4315 3002 4385; x_wconf 78' lang='lat' dir='ltr'><strong>lignarius</strong></span> <span class='ocrx_word' id='word_1_670' title='bbox 3044 4315 3239 4370; x_wconf 76' lang='lat' dir='ltr'><strong>fecisse</strong></span> <span class='ocrx_word' id='word_1_671' title='bbox 3277 4330 3404 4384; x_wconf 89' lang='lat' dir='ltr'><strong>pro-</strong></span> 
     </span>
    </p>
   </div>
   <div class='ocr_carea' id='block_1_88' title="bbox 1836 4412 3405 4483">
    <p class='ocr_par' dir='ltr' id='par_1_88' title="bbox 1836 4412 3405 4483">
     <span class='ocr_line' id='line_1_88' title="bbox 1836 4412 3405 4483; baseline -0.001 -16"><span class='ocrx_word' id='word_1_672' title='bbox 1836 4415 1952 4483; x_wconf 85' lang='lat' dir='ltr'><strong>pria</strong></span> <span class='ocrx_word' id='word_1_673' title='bbox 1992 4427 2156 4466; x_wconf 89' lang='lat' dir='ltr'><strong>manu</strong></span> <span class='ocrx_word' id='word_1_674' title='bbox 2209 4412 2380 4467; x_wconf 88' lang='lat' dir='ltr'><strong>sedile</strong></span> <span class='ocrx_word' id='word_1_675' title='bbox 2413 4429 2428 4477; x_wconf 94' lang='lat'><strong>;</strong></span> <span class='ocrx_word' id='word_1_676' title='bbox 2463 4425 2516 4466; x_wconf 88' lang='lat' dir='ltr'><strong>et</strong></span> <span class='ocrx_word' id='word_1_677' title='bbox 2558 4413 2794 4468; x_wconf 87' lang='lat' dir='ltr'><strong>dicimus</strong></span> <span class='ocrx_word' id='word_1_678' title='bbox 2836 4414 2964 4468; x_wconf 90' lang='lat' dir='ltr'><strong>item</strong></span> <span class='ocrx_word' id='word_1_679' title='bbox 3013 4429 3234 4467; x_wconf 88' lang='lat' dir='ltr'><strong>manum</strong></span> <span class='ocrx_word' id='word_1_680' title='bbox 3268 4412 3405 4467; x_wconf 76' lang='lat' dir='ltr'><strong>fabri</strong></span> 
     </span>
    </p>
   </div>
   <div class='ocr_carea' id='block_1_89' title="bbox 153 4494 1726 4577">
    <p class='ocr_par' dir='ltr' id='par_1_89' title="bbox 153 4494 1726 4575">
     <span class='ocr_line' id='line_1_89' title="bbox 153 4494 1726 4575; baseline 0.006 -29"><span class='ocrx_word' id='word_1_681' title='bbox 153 4494 251 4547; x_wconf 70' lang='grc' dir='ltr'><strong>καὶ</strong></span> <span class='ocrx_word' id='word_1_682' title='bbox 283 4495 378 4547; x_wconf 75' lang='grc' dir='ltr'><strong>ἐπὶ</strong></span> <span class='ocrx_word' id='word_1_683' title='bbox 412 4496 651 4565; x_wconf 85' lang='grc' dir='ltr'>Χριστοῦ</span> <span class='ocrx_word' id='word_1_684' title='bbox 683 4498 816 4550; x_wconf 83' lang='grc' dir='ltr'>νόει.</span> <span class='ocrx_word' id='word_1_685' title='bbox 850 4498 1065 4569; x_wconf 83' lang='grc' dir='ltr'>’Ὥσπερ</span> <span class='ocrx_word' id='word_1_686' title='bbox 1100 4499 1319 4568; x_wconf 85' lang='grc' dir='ltr'>λέγεται</span> <span class='ocrx_word' id='word_1_687' title='bbox 1358 4504 1386 4553; x_wconf 82' lang='grc' dir='ltr'>ὁ</span> <span class='ocrx_word' id='word_1_688' title='bbox 1424 4504 1632 4557; x_wconf 83' lang='grc' dir='ltr'>τέκτων</span> <span class='ocrx_word' id='word_1_689' title='bbox 1664 4508 1726 4575; x_wconf 84' lang='grc' dir='ltr'>τῇ</span> 
     </span>
    </p>
   </div>
   <div class='ocr_carea' id='block_1_90' title="bbox 1830 4494 3406 4577">
    <p class='ocr_par' dir='ltr' id='par_1_90' title="bbox 1839 4503 3406 4575">
     <span class='ocr_line' id='line_1_90' title="bbox 1839 4503 3406 4575; baseline 0.001 -18"><span class='ocrx_word' id='word_1_690' title='bbox 1839 4505 2053 4575; x_wconf 80' lang='lat' dir='ltr'><strong>lignarii</strong></span> <span class='ocrx_word' id='word_1_691' title='bbox 2097 4504 2295 4559; x_wconf 81' lang='lat' dir='ltr'><strong>fecisse</strong></span> <span class='ocrx_word' id='word_1_692' title='bbox 2322 4503 2527 4568; x_wconf 86' lang='lat' dir='ltr'><strong>sedile;</strong></span> <span class='ocrx_word' id='word_1_693' title='bbox 2587 4504 2665 4558; x_wconf 88' lang='lat' dir='ltr'><strong>sic</strong></span> <span class='ocrx_word' id='word_1_694' title='bbox 2700 4504 2935 4560; x_wconf 86' lang='lat' dir='ltr'><strong>dicimus</strong></span> <span class='ocrx_word' id='word_1_695' title='bbox 2966 4505 3131 4559; x_wconf 89' lang='lat' dir='ltr'><strong>Deum</strong></span> <span class='ocrx_word' id='word_1_696' title='bbox 3165 4505 3406 4559; x_wconf 85' lang='lat' dir='ltr'><strong>Verbqu</strong></span> 
     </span>
    </p>
   </div>
   <div class='ocr_carea' id='block_1_91' title="bbox 157 4584 1722 4663">
    <p class='ocr_par' dir='ltr' id='par_1_91' title="bbox 157 4584 1722 4663">
     <span class='ocr_line' id='line_1_91' title="bbox 157 4584 1722 4663; baseline 0.007 -27"><span class='ocrx_word' id='word_1_697' title='bbox 157 4584 269 4655; x_wconf 78' lang='grc' dir='ltr'>ἰδία</span> <span class='ocrx_word' id='word_1_698' title='bbox 296 4587 444 4657; x_wconf 74' lang='grc' dir='ltr'>χειρὶ</span> <span class='ocrx_word' id='word_1_699' title='bbox 472 4587 838 4656; x_wconf 82' lang='grc' dir='ltr'>πεποιηκέναι</span> <span class='ocrx_word' id='word_1_700' title='bbox 867 4588 960 4641; x_wconf 86' lang='grc' dir='ltr'><strong>τὸν</strong></span> <span class='ocrx_word' id='word_1_701' title='bbox 987 4588 1195 4659; x_wconf 83' lang='grc' dir='ltr'>θρόνον,</span> <span class='ocrx_word' id='word_1_702' title='bbox 1229 4592 1324 4644; x_wconf 82' lang='grc' dir='ltr'><strong>καὶ</strong></span> <span class='ocrx_word' id='word_1_703' title='bbox 1354 4590 1610 4663; x_wconf 84' lang='grc' dir='ltr'>λέγομεν,</span> <span class='ocrx_word' id='word_1_704' title='bbox 1641 4594 1722 4647; x_wconf 85' lang='grc' dir='ltr'>ὅτι</span> 
     </span>
    </p>
   </div>
   <div class='ocr_carea' id='block_1_92' title="bbox 153 4668 1719 4753">
    <p class='ocr_par' dir='ltr' id='par_1_92' title="bbox 153 4668 1719 4753">
     <span class='ocr_line' id='line_1_92' title="bbox 153 4668 1719 4753; baseline 0.006 -24"><span class='ocrx_word' id='word_1_705' title='bbox 153 4680 193 4748; x_wconf 87' lang='grc' dir='ltr'><strong>ἡ</strong></span> <span class='ocrx_word' id='word_1_706' title='bbox 248 4677 369 4748; x_wconf 78' lang='grc' dir='ltr'>χεὶρ</span> <span class='ocrx_word' id='word_1_707' title='bbox 406 4678 501 4732; x_wconf 88' lang='grc' dir='ltr'><strong>τοῦ</strong></span> <span class='ocrx_word' id='word_1_708' title='bbox 549 4678 801 4744; x_wconf 85' lang='grc' dir='ltr'>τέκτονος</span> <span class='ocrx_word' id='word_1_709' title='bbox 846 4680 939 4733; x_wconf 80' lang='grc' dir='ltr'><strong>τὸν</strong></span> <span class='ocrx_word' id='word_1_710' title='bbox 992 4681 1179 4751; x_wconf 88' lang='grc' dir='ltr'>θρόνον</span> <span class='ocrx_word' id='word_1_711' title='bbox 1216 4668 1548 4753; x_wconf 56' lang='grc' dir='ltr'>πεποίηκεν</span> <span class='ocrx_word' id='word_1_712' title='bbox 1576 4685 1719 4739; x_wconf 83' lang='grc' dir='ltr'>οῦτω</span> 
     </span>
    </p>
   </div>
   <div class='ocr_carea' id='block_1_93' title="bbox 1834 4594 3405 4662">
    <p class='ocr_par' dir='ltr' id='par_1_93' title="bbox 1834 4594 3405 4662">
     <span class='ocr_line' id='line_1_93' title="bbox 1834 4594 3405 4662; baseline 0.001 -12"><span class='ocrx_word' id='word_1_713' title='bbox 1834 4597 2032 4651; x_wconf 82' lang='lat' dir='ltr'><strong>vicisse</strong></span> <span class='ocrx_word' id='word_1_714' title='bbox 2062 4610 2228 4649; x_wconf 91' lang='lat' dir='ltr'><strong>carne</strong></span> <span class='ocrx_word' id='word_1_715' title='bbox 2260 4611 2276 4658; x_wconf 91' lang='lat'><strong>;</strong></span> <span class='ocrx_word' id='word_1_716' title='bbox 2329 4604 2383 4648; x_wconf 92' lang='lat' dir='ltr'><strong>et</strong></span> <span class='ocrx_word' id='word_1_717' title='bbox 2415 4611 2611 4650; x_wconf 90' lang='lat' dir='ltr'><strong>rursus</strong></span> <span class='ocrx_word' id='word_1_718' title='bbox 2639 4594 2876 4652; x_wconf 91' lang='lat' dir='ltr'><strong>dicimus</strong></span> <span class='ocrx_word' id='word_1_719' title='bbox 2931 4613 3150 4651; x_wconf 86' lang='lat' dir='ltr'><strong>carnem</strong></span> <span class='ocrx_word' id='word_1_720' title='bbox 3185 4598 3405 4662; x_wconf 88' lang='lat' dir='ltr'><strong>vicisse,</strong></span> 
     </span>
    </p>
   </div>
   <div class='ocr_carea' id='block_1_94' title="bbox 1831 4675 2908 4753">
    <p class='ocr_par' dir='ltr' id='par_1_94' title="bbox 1831 4675 2908 4753">
     <span class='ocr_line' id='line_1_94' title="bbox 1831 4675 2908 4753; baseline 0.001 -15"><span class='ocrx_word' id='word_1_721' title='bbox 1831 4685 1883 4738; x_wconf 89' lang='lat' dir='ltr'><strong>id</strong></span> <span class='ocrx_word' id='word_1_722' title='bbox 1910 4697 2013 4746; x_wconf 89' lang='lat' dir='ltr'><strong>est,</strong></span> <span class='ocrx_word' id='word_1_723' title='bbox 2042 4692 2293 4737; x_wconf 86' lang='lat' dir='ltr'><strong>naturam</strong></span> <span class='ocrx_word' id='word_1_724' title='bbox 2326 4683 2683 4740; x_wconf 89' lang='lat' dir='ltr'><strong>humanitatis</strong></span> <span class='ocrx_word' id='word_1_725' title='bbox 2711 4685 2843 4753; x_wconf 64' lang='lat'><strong>(55).</strong></span> <span class='ocrx_word' id='word_1_726' title='bbox 2905 4675 2908 4679; x_wconf 55' lang='grc'><strong><em>’</em></strong></span> 
     </span>
    </p>
   </div>
   <div class='ocr_carea' id='block_1_95' title="bbox 155 4767 3407 4850">
    <p class='ocr_par' dir='ltr' id='par_1_95' title="bbox 155 4767 3407 4850">
     <span class='ocr_line' id='line_1_95' title="bbox 155 4767 3407 4850; baseline 0.003 -30"><span class='ocrx_word' id='word_1_727' title='bbox 155 4767 362 4837; x_wconf 78' lang='grc' dir='ltr'>φαμὲν,</span> <span class='ocrx_word' id='word_1_728' title='bbox 396 4769 615 4823; x_wconf 72' lang='grc' dir='ltr'>καὶτὸν</span> <span class='ocrx_word' id='word_1_729' title='bbox 679 4770 813 4824; x_wconf 77' lang='grc' dir='ltr'>Θεὸν</span> <span class='ocrx_word' id='word_1_730' title='bbox 859 4773 1032 4841; x_wconf 84' lang='grc' dir='ltr'>Λόγον</span> <span class='ocrx_word' id='word_1_731' title='bbox 1085 4775 1434 4844; x_wconf 86' lang='grc' dir='ltr'>νενικηκέναι</span> <span class='ocrx_word' id='word_1_732' title='bbox 1479 4780 1544 4849; x_wconf 76' lang='grc' dir='ltr'>τῇ</span> <span class='ocrx_word' id='word_1_733' title='bbox 1615 4782 1801 4850; x_wconf 76' lang='grc' dir='ltr'>σαρκὶ,</span> <span class='ocrx_word' id='word_1_734' title='bbox 1862 4779 1958 4831; x_wconf 71' lang='grc' dir='ltr'><strong>καὶ</strong></span> <span class='ocrx_word' id='word_1_735' title='bbox 2008 4776 2108 4847; x_wconf 82' lang='grc' dir='ltr'><strong>τὴν</strong></span> <span class='ocrx_word' id='word_1_736' title='bbox 2175 4776 2351 4849; x_wconf 83' lang='grc' dir='ltr'>σάρκα</span> <span class='ocrx_word' id='word_1_737' title='bbox 2409 4776 2639 4845; x_wconf 85' lang='grc' dir='ltr'>λέγομεν</span> <span class='ocrx_word' id='word_1_738' title='bbox 2679 4779 2842 4832; x_wconf 88' lang='grc' dir='ltr'>πάλιν</span> <span class='ocrx_word' id='word_1_739' title='bbox 2891 4779 3235 4850; x_wconf 83' lang='grc' dir='ltr'>νενικηκέναι</span> <span class='ocrx_word' id='word_1_740' title='bbox 3290 4780 3407 4849; x_wconf 75' lang='grc' dir='ltr'>ἦτοι</span> 
     </span>
    </p>
   </div>
   <div class='ocr_carea' id='block_1_96' title="bbox 151 4859 1053 4933">
    <p class='ocr_par' dir='ltr' id='par_1_96' title="bbox 151 4859 1053 4933">
     <span class='ocr_line' id='line_1_96' title="bbox 151 4859 1053 4933; baseline 0.008 -21"><span class='ocrx_word' id='word_1_741' title='bbox 151 4859 257 4931; x_wconf 82' lang='grc' dir='ltr'><strong>τὴν</strong></span> <span class='ocrx_word' id='word_1_742' title='bbox 296 4859 458 4928; x_wconf 86' lang='grc' dir='ltr'>φύσιν</span> <span class='ocrx_word' id='word_1_743' title='bbox 482 4861 581 4930; x_wconf 88' lang='grc' dir='ltr'><strong>τῆς</strong></span> <span class='ocrx_word' id='word_1_744' title='bbox 609 4861 1053 4933; x_wconf 80' lang='grc' dir='ltr'>άνθρωπότητος.</span> 
     </span>
    </p>
   </div>
   <div class='ocr_carea' id='block_1_97' title="bbox 228 4948 1731 5029">
    <p class='ocr_par' dir='ltr' id='par_1_97' title="bbox 228 4948 1731 5029">
     <span class='ocr_line' id='line_1_97' title="bbox 228 4948 1731 5029; baseline 0.007 -27"><span class='ocrx_word' id='word_1_745' title='bbox 228 4950 289 5003; x_wconf 88' lang='grc' dir='ltr'><strong>Β.</strong></span> <span class='ocrx_word' id='word_1_746' title='bbox 331 4948 453 5013; x_wconf 87' lang='grc' dir='ltr'>Πῶς</span> <span class='ocrx_word' id='word_1_747' title='bbox 482 4951 510 5003; x_wconf 87' lang='grc' dir='ltr'><strong>ὁ</strong></span> <span class='ocrx_word' id='word_1_748' title='bbox 553 4950 726 5021; x_wconf 80' lang='grc' dir='ltr'>’Δδὰμ</span> <span class='ocrx_word' id='word_1_749' title='bbox 765 4951 1015 5023; x_wconf 86' lang='grc' dir='ltr'>ἡττήθη;</span> <span class='ocrx_word' id='word_1_750' title='bbox 1045 4952 1169 5023; x_wconf 78' lang='grc' dir='ltr'>οὐχὶ</span> <span class='ocrx_word' id='word_1_751' title='bbox 1212 4954 1494 5023; x_wconf 86' lang='grc' dir='ltr'>διστάσας,</span> <span class='ocrx_word' id='word_1_752' title='bbox 1527 4958 1731 5029; x_wconf 80' lang='grc' dir='ltr'>μᾶλλον</span> 
     </span>
    </p>
   </div>
   <div class='ocr_carea' id='block_1_98' title="bbox 151 5041 1733 5121">
    <p class='ocr_par' dir='ltr' id='par_1_98' title="bbox 151 5041 1733 5121">
     <span class='ocr_line' id='line_1_98' title="bbox 151 5041 1733 5121; baseline 0.006 -28"><span class='ocrx_word' id='word_1_753' title='bbox 151 5041 203 5093; x_wconf 79' lang='grc' dir='ltr'>δ’</span> <span class='ocrx_word' id='word_1_754' title='bbox 233 5042 540 5112; x_wconf 83' lang='grc' dir='ltr'>ἀπιστήσας</span> <span class='ocrx_word' id='word_1_755' title='bbox 568 5043 646 5112; x_wconf 82' lang='grc' dir='ltr'>τῷ</span> <span class='ocrx_word' id='word_1_756' title='bbox 686 5043 832 5113; x_wconf 85' lang='grc' dir='ltr'>λόγῳ</span> <span class='ocrx_word' id='word_1_757' title='bbox 863 5044 959 5096; x_wconf 90' lang='grc' dir='ltr'><strong>τοῦ</strong></span> <span class='ocrx_word' id='word_1_758' title='bbox 1004 5043 1162 5109; x_wconf 87' lang='grc' dir='ltr'>Θεοῦ,</span> <span class='ocrx_word' id='word_1_759' title='bbox 1208 5048 1304 5099; x_wconf 73' lang='grc' dir='ltr'><strong>καὶ</strong></span> <span class='ocrx_word' id='word_1_760' title='bbox 1330 5049 1627 5115; x_wconf 85' lang='grc' dir='ltr'>πιστεύσας</span> <span class='ocrx_word' id='word_1_761' title='bbox 1656 5052 1733 5121; x_wconf 80' lang='grc' dir='ltr'><strong>τῷ</strong></span> 
     </span>
    </p>
   </div>
   <div class='ocr_carea' id='block_1_99' title="bbox 155 5131 431 5202">
    <p class='ocr_par' dir='ltr' id='par_1_99' title="bbox 155 5131 431 5202">
     <span class='ocr_line' id='line_1_99' title="bbox 155 5131 431 5202; baseline 0 -19"><span class='ocrx_word' id='word_1_762' title='bbox 155 5131 397 5202; x_wconf 83' lang='grc' dir='ltr'>ὃιαὸόλῳ</span> <span class='ocrx_word' id='word_1_763' title='bbox 418 5150 431 5196; x_wconf 88' lang='grc'>;</span> 
     </span>
    </p>
   </div>
   <div class='ocr_carea' id='block_1_100' title="bbox 232 5222 1730 5306">
    <p class='ocr_par' dir='ltr' id='par_1_100' title="bbox 232 5222 1730 5306">
     <span class='ocr_line' id='line_1_100' title="bbox 232 5222 1730 5306; baseline 0.009 -31"><span class='ocrx_word' id='word_1_764' title='bbox 232 5226 296 5276; x_wconf 86' lang='grc' dir='ltr'><strong>Δ.</strong></span> <span class='ocrx_word' id='word_1_765' title='bbox 339 5222 414 5276; x_wconf 81' lang='grc' dir='ltr'>Τὸ</span> <span class='ocrx_word' id='word_1_766' title='bbox 441 5224 585 5276; x_wconf 86' lang='grc' dir='ltr'>λεῖον</span> <span class='ocrx_word' id='word_1_767' title='bbox 616 5224 720 5293; x_wconf 87' lang='grc' dir='ltr'><strong>τῆς</strong></span> <span class='ocrx_word' id='word_1_768' title='bbox 741 5225 939 5297; x_wconf 81' lang='grc' dir='ltr'>ἡδονῆς</span> <span class='ocrx_word' id='word_1_769' title='bbox 958 5224 1173 5293; x_wconf 73' lang='grc' dir='ltr'>ἐθελξεν</span> <span class='ocrx_word' id='word_1_770' title='bbox 1202 5231 1365 5285; x_wconf 79' lang='grc' dir='ltr'>αὐτὸν</span> <span class='ocrx_word' id='word_1_771' title='bbox 1390 5234 1606 5302; x_wconf 85' lang='grc' dir='ltr'>πρῶτον</span> <span class='ocrx_word' id='word_1_772' title='bbox 1631 5239 1730 5306; x_wconf 84' lang='grc' dir='ltr'><strong>τῆς</strong></span> 
     </span>
    </p>
   </div>
   <div class='ocr_carea' id='block_1_101' title="bbox 159 5310 1725 5397">
    <p class='ocr_par' dir='ltr' id='par_1_101' title="bbox 159 5310 1725 5397">
     <span class='ocr_line' id='line_1_101' title="bbox 159 5310 1725 5397; baseline 0.01 -31"><span class='ocrx_word' id='word_1_773' title='bbox 159 5312 481 5384; x_wconf 71' lang='grc' dir='ltr'>ἐπιθυμίας,</span> <span class='ocrx_word' id='word_1_774' title='bbox 519 5310 638 5367; x_wconf 79' lang='grc' dir='ltr'>εἶτα</span> <span class='ocrx_word' id='word_1_775' title='bbox 693 5315 992 5371; x_wconf 83' lang='grc' dir='ltr'>ὲδίστασεν.</span> <span class='ocrx_word' id='word_1_776' title='bbox 1034 5318 1097 5370; x_wconf 88' lang='grc' dir='ltr'>Εἰ</span> <span class='ocrx_word' id='word_1_777' title='bbox 1150 5319 1258 5391; x_wconf 83' lang='grc' dir='ltr'>γὰρ</span> <span class='ocrx_word' id='word_1_778' title='bbox 1301 5324 1376 5395; x_wconf 86' lang='grc' dir='ltr'>μὴ</span> <span class='ocrx_word' id='word_1_779' title='bbox 1426 5326 1590 5379; x_wconf 83' lang='grc' dir='ltr'>καλὸν</span> <span class='ocrx_word' id='word_1_780' title='bbox 1638 5323 1725 5397; x_wconf 82' lang='grc' dir='ltr'><strong>ἦν,</strong></span> 
     </span>
    </p>
   </div>
   <div class='ocr_carea' id='block_1_102' title="bbox 1911 4956 3404 5023">
    <p class='ocr_par' dir='ltr' id='par_1_102' title="bbox 1911 4956 3404 5023">
     <span class='ocr_line' id='line_1_102' title="bbox 1911 4956 3404 5023; baseline 0.005 -13"><span class='ocrx_word' id='word_1_781' title='bbox 1911 4957 1968 5013; x_wconf 86' lang='grc' dir='ltr'><strong>Β.</strong></span> <span class='ocrx_word' id='word_1_782' title='bbox 1999 4956 2283 5023; x_wconf 83' lang='lat' dir='ltr'><strong>Quomodo</strong></span> <span class='ocrx_word' id='word_1_783' title='bbox 2314 4958 2489 5011; x_wconf 81' lang='lat' dir='ltr'><strong>Adam</strong></span> <span class='ocrx_word' id='word_1_784' title='bbox 2515 4958 2691 5013; x_wconf 79' lang='lat' dir='ltr'><strong>victus</strong></span> <span class='ocrx_word' id='word_1_785' title='bbox 2725 4960 2856 5014; x_wconf 88' lang='lat' dir='ltr'><strong>est?</strong></span> <span class='ocrx_word' id='word_1_786' title='bbox 2884 4974 3068 5015; x_wconf 88' lang='lat' dir='ltr'><strong>nonne</strong></span> <span class='ocrx_word' id='word_1_787' title='bbox 3100 4959 3404 5021; x_wconf 89' lang='lat' dir='ltr'><strong>dubitans?</strong></span> 
     </span>
    </p>
   </div>
   <div class='ocr_carea' id='block_1_103' title="bbox 1842 5050 3410 5120">
    <p class='ocr_par' dir='ltr' id='par_1_103' title="bbox 1842 5050 3410 5120">
     <span class='ocr_line' id='line_1_103' title="bbox 1842 5050 3410 5120; baseline 0.004 -15"><span class='ocrx_word' id='word_1_788' title='bbox 1842 5051 1951 5105; x_wconf 92' lang='lat' dir='ltr'><strong>imo</strong></span> <span class='ocrx_word' id='word_1_789' title='bbox 1981 5052 2167 5120; x_wconf 89' lang='lat' dir='ltr'><strong>potius</strong></span> <span class='ocrx_word' id='word_1_790' title='bbox 2189 5066 2299 5106; x_wconf 93' lang='lat' dir='ltr'><strong>non</strong></span> <span class='ocrx_word' id='word_1_791' title='bbox 2332 5050 2562 5107; x_wconf 88' lang='lat' dir='ltr'><strong>credens</strong></span> <span class='ocrx_word' id='word_1_792' title='bbox 2596 5050 2764 5105; x_wconf 89' lang='lat' dir='ltr'><strong>verbo</strong></span> <span class='ocrx_word' id='word_1_793' title='bbox 2795 5050 2916 5116; x_wconf 89' lang='lat' dir='ltr'><strong>Dei,</strong></span> <span class='ocrx_word' id='word_1_794' title='bbox 2946 5059 3003 5107; x_wconf 88' lang='lat' dir='ltr'><strong>et</strong></span> <span class='ocrx_word' id='word_1_795' title='bbox 3031 5053 3269 5110; x_wconf 91' lang='lat' dir='ltr'><strong>credens</strong></span> <span class='ocrx_word' id='word_1_796' title='bbox 3296 5056 3410 5112; x_wconf 85' lang='lat' dir='ltr'><strong>dia-</strong></span> 
     </span>
    </p>
   </div>
   <div class='ocr_carea' id='block_1_104' title="bbox 1987 5145 2010 5177">
    <p class='ocr_par' dir='ltr' id='par_1_104' title="bbox 1987 5145 2010 5177">
     <span class='ocr_line' id='line_1_104' title="bbox 1987 5145 2010 5177; baseline 0 0"><span class='ocrx_word' id='word_1_797' title='bbox 1987 5145 2010 5177; x_wconf 78' lang='grc' dir='ltr'><strong>ν</strong></span> 
     </span>
    </p>
   </div>
   <div class='ocr_carea' id='block_1_105' title="bbox 1840 5145 3407 5304">
    <p class='ocr_par' dir='ltr' id='par_1_105' title="bbox 1840 5145 3407 5304">
     <span class='ocr_line' id='line_1_105' title="bbox 1987 5145 2010 5177; baseline 0 0"><span class='ocrx_word' id='word_1_798' title='bbox 1987 5145 2010 5177; x_wconf 78' lang='grc' dir='ltr'><strong>ν</strong></span> 
     </span>
     <span class='ocr_line' id='line_1_106' title="bbox 1840 5145 3407 5304; baseline 0.003 -19"><span class='ocrx_word' id='word_1_799' title='bbox 1840 5145 2293 5287; x_wconf 41' lang='grc' dir='ltr'><strong>ι)ΟἎ)..[ἶ1ιιιι(1ἰιίο</strong></span> <span class='ocrx_word' id='word_1_800' title='bbox 2349 5232 2523 5303; x_wconf 89' lang='lat' dir='ltr'><strong>ipsius</strong></span> <span class='ocrx_word' id='word_1_801' title='bbox 2564 5233 2857 5303; x_wconf 87' lang='lat' dir='ltr'><strong>voluptatis</strong></span> <span class='ocrx_word' id='word_1_802' title='bbox 2885 5233 3125 5304; x_wconf 88' lang='lat' dir='ltr'><strong>primum</strong></span> <span class='ocrx_word' id='word_1_803' title='bbox 3160 5235 3407 5291; x_wconf 81' lang='lat' dir='ltr'><strong>delinivit</strong></span> 
     </span>
    </p>
   </div>
   <div class='ocr_carea' id='block_1_106' title="bbox 1838 5325 3407 5397">
    <p class='ocr_par' dir='ltr' id='par_1_106' title="bbox 1838 5325 3407 5397">
     <span class='ocr_line' id='line_1_107' title="bbox 1838 5325 3407 5397; baseline 0 -16"><span class='ocrx_word' id='word_1_804' title='bbox 1838 5342 1960 5381; x_wconf 89' lang='lat' dir='ltr'><strong>eum</strong></span> <span class='ocrx_word' id='word_1_805' title='bbox 1988 5327 2321 5397; x_wconf 83' lang='lat' dir='ltr'><strong>cupiditate;</strong></span> <span class='ocrx_word' id='word_1_806' title='bbox 2350 5325 2552 5382; x_wconf 90' lang='lat' dir='ltr'><strong>deinde</strong></span> <span class='ocrx_word' id='word_1_807' title='bbox 2576 5326 2869 5382; x_wconf 87' lang='lat' dir='ltr'><strong>dubitavit.</strong></span> <span class='ocrx_word' id='word_1_808' title='bbox 2895 5325 3011 5383; x_wconf 89' lang='lat' dir='ltr'><strong>Nisi</strong></span> <span class='ocrx_word' id='word_1_809' title='bbox 3039 5326 3329 5397; x_wconf 86' lang='lat' dir='ltr'><strong>pulchrum</strong></span> <span class='ocrx_word' id='word_1_810' title='bbox 3358 5332 3407 5381; x_wconf 85' lang='lat' dir='ltr'><strong>ei</strong></span> 
     </span>
    </p>
   </div>
   <div class='ocr_carea' id='block_1_107' title="bbox 1427 5440 2099 5497">
    <p class='ocr_par' dir='ltr' id='par_1_107' title="bbox 1427 5440 2099 5497">
     <span class='ocr_line' id='line_1_108' title="bbox 1427 5440 2099 5497; baseline 0.007 -5"><span class='ocrx_word' id='word_1_811' title='bbox 1427 5440 1657 5493; x_wconf 68' lang='lat' dir='ltr'><strong>VARIAE</strong></span> <span class='ocrx_word' id='word_1_812' title='bbox 1693 5440 1990 5496; x_wconf 75' lang='lat' dir='ltr'><strong>LECTION</strong></span> <span class='ocrx_word' id='word_1_813' title='bbox 1998 5441 2099 5497; x_wconf 84' lang='lat' dir='ltr'><strong>ES.</strong></span> 
     </span>
    </p>
   </div>
   <div class='ocr_carea' id='block_1_108' title="bbox 212 5498 1162 5556">
    <p class='ocr_par' dir='ltr' id='par_1_108' title="bbox 212 5498 1162 5556">
     <span class='ocr_line' id='line_1_109' title="bbox 212 5498 1162 5556; baseline 0.007 -7"><span class='ocrx_word' id='word_1_814' title='bbox 212 5499 255 5527; x_wconf 73' lang='lat'><strong>&quot;&quot;</strong></span> <span class='ocrx_word' id='word_1_815' title='bbox 312 5498 668 5552; x_wconf 81' lang='lat' dir='ltr'><strong>Desideratur</strong></span> <span class='ocrx_word' id='word_1_816' title='bbox 703 5500 755 5552; x_wconf 89' lang='lat' dir='ltr'><strong>in</strong></span> <span class='ocrx_word' id='word_1_817' title='bbox 781 5500 970 5553; x_wconf 85' lang='lat' dir='ltr'><strong>codice</strong></span> <span class='ocrx_word' id='word_1_818' title='bbox 998 5498 1162 5556; x_wconf 87' lang='lat' dir='ltr'><strong>Turr.</strong></span> 
     </span>
    </p>
   </div>
   <div class='ocr_carea' id='block_1_109' title="bbox 1675 5601 1903 5657">
    <p class='ocr_par' dir='ltr' id='par_1_109' title="bbox 1675 5601 1903 5657">
     <span class='ocr_line' id='line_1_110' title="bbox 1675 5601 1903 5657; baseline 0.009 -3"><span class='ocrx_word' id='word_1_819' title='bbox 1675 5601 1903 5657; x_wconf 66' lang='grc' dir='ltr'><strong>ΝΟΤιΕ.</strong></span> 
     </span>
    </p>
   </div>
   <div class='ocr_carea' id='block_1_110' title="bbox 178 5700 1729 5781">
    <p class='ocr_par' dir='ltr' id='par_1_110' title="bbox 178 5700 1729 5781">
     <span class='ocr_line' id='line_1_111' title="bbox 178 5700 1729 5781; baseline 0.006 -26"><span class='ocrx_word' id='word_1_820' title='bbox 178 5771 184 5774; x_wconf 87' lang='lat'><em>_</em></span> <span class='ocrx_word' id='word_1_821' title='bbox 238 5701 350 5756; x_wconf 68' lang='grc' dir='ltr'><strong>(ῑῦι</strong></span> <span class='ocrx_word' id='word_1_822' title='bbox 392 5700 444 5753; x_wconf 64' lang='lat' dir='ltr'><strong>Ill</strong></span> <span class='ocrx_word' id='word_1_823' title='bbox 492 5712 595 5757; x_wconf 61' lang='grc' dir='ltr'><strong>ςγδι.</strong></span> <span class='ocrx_word' id='word_1_824' title='bbox 644 5715 833 5757; x_wconf 68' lang='lat' dir='ltr'><strong>malum</strong></span> <span class='ocrx_word' id='word_1_825' title='bbox 890 5707 1123 5763; x_wconf 71' lang='lat' dir='ltr'><strong>Illllllﬂﬂil</strong></span> <span class='ocrx_word' id='word_1_826' title='bbox 1176 5709 1229 5764; x_wconf 90' lang='lat' dir='ltr'><strong>ilt</strong></span> <span class='ocrx_word' id='word_1_827' title='bbox 1260 5711 1480 5765; x_wconf 66' lang='lat' dir='ltr'><strong>Clitis!&quot;</strong></span> <span class='ocrx_word' id='word_1_828' title='bbox 1518 5732 1729 5781; x_wconf 51' lang='grc' dir='ltr'>διδωμι-ι’</span> 
     </span>
    </p>
   </div>
   <div class='ocr_carea' id='block_1_111' title="bbox 165 5779 1004 5830">
    <p class='ocr_par' dir='ltr' id='par_1_111' title="bbox 165 5779 1004 5830">
     <span class='ocr_line' id='line_1_112' title="bbox 165 5779 1004 5830; baseline 0.001 -8"><span class='ocrx_word' id='word_1_829' title='bbox 165 5779 265 5823; x_wconf 82' lang='lat' dir='ltr'><strong>lmt</strong></span> <span class='ocrx_word' id='word_1_830' title='bbox 303 5783 444 5823; x_wconf 74' lang='lat' dir='ltr'><strong>intra</strong></span> <span class='ocrx_word' id='word_1_831' title='bbox 486 5789 795 5827; x_wconf 59' lang='lat' dir='ltr'><strong>mensuram</strong></span> <span class='ocrx_word' id='word_1_832' title='bbox 832 5792 1004 5830; x_wconf 68' lang='lat' dir='ltr'><strong>Sljillll.</strong></span> 
     </span>
    </p>
   </div>
   <div class='ocr_carea' id='block_1_112' title="bbox 1913 5713 3404 5797">
    <p class='ocr_par' dir='ltr' id='par_1_112' title="bbox 1913 5713 3404 5797">
     <span class='ocr_line' id='line_1_113' title="bbox 1913 5713 3404 5797; baseline 0.009 -34"><span class='ocrx_word' id='word_1_833' title='bbox 1913 5714 2024 5797; x_wconf 61' lang='grc' dir='ltr'><em>ς</em></span> <span class='ocrx_word' id='word_1_834' title='bbox 2050 5714 2270 5797; x_wconf 54' lang='lat' dir='ltr'><strong>Videtur</strong></span> <span class='ocrx_word' id='word_1_835' title='bbox 2291 5714 2378 5797; x_wconf 81' lang='lat' dir='ltr'><strong>bi_c</strong></span> <span class='ocrx_word' id='word_1_836' title='bbox 2402 5714 2598 5797; x_wconf 70' lang='lat' dir='ltr'><strong>legisse</strong></span> <span class='ocrx_word' id='word_1_837' title='bbox 2619 5713 2782 5797; x_wconf 64' lang='grc' dir='ltr'>ῘιιιΤ.</span> <span class='ocrx_word' id='word_1_838' title='bbox 2822 5718 2883 5797; x_wconf 56' lang='grc' dir='ltr'><strong>ξω</strong></span> <span class='ocrx_word' id='word_1_839' title='bbox 2909 5720 3048 5781; x_wconf 86' lang='grc' dir='ltr'>νοῦς,</span> <span class='ocrx_word' id='word_1_840' title='bbox 3071 5722 3404 5797; x_wconf 29' lang='grc' dir='ltr'>κοίη-ψυχὴ,</span> 
     </span>
    </p>
   </div>
   <div class='ocr_carea' id='block_1_113' title="bbox 1916 5783 3281 5861">
    <p class='ocr_par' dir='ltr' id='par_1_113' title="bbox 1916 5783 3281 5861">
     <span class='ocr_line' id='line_1_114' title="bbox 1916 5783 3281 5861; baseline 0.002 -23"><span class='ocrx_word' id='word_1_841' title='bbox 1916 5785 2027 5845; x_wconf 65' lang='lat' dir='ltr'><strong>(4M</strong></span> <span class='ocrx_word' id='word_1_842' title='bbox 2058 5783 2313 5839; x_wconf 77' lang='lat' dir='ltr'><strong>Naturam</strong></span> <span class='ocrx_word' id='word_1_843' title='bbox 2346 5785 2703 5839; x_wconf 58' lang='lat' dir='ltr'><strong>lnuuunttatis</strong></span> <span class='ocrx_word' id='word_1_844' title='bbox 2738 5787 2788 5837; x_wconf 87' lang='lat' dir='ltr'><strong>iu</strong></span> <span class='ocrx_word' id='word_1_845' title='bbox 2820 5788 3098 5861; x_wconf 70' lang='lat' dir='ltr'><strong>ltyposlasi</strong></span> <span class='ocrx_word' id='word_1_846' title='bbox 3133 5783 3281 5846; x_wconf 18' lang='lat' dir='ltr'><strong>dicit.</strong></span> 
     </span>
    </p>
   </div>
  </div>
