4086 6454
726 365 859 432 1527

1931 371 2318 432 TIIEODORI
2361 375 2396 432 ,Χ
2409 375 2722 436 ΠΙῘΩᾹΙΉΕ

3846 379 3974 442 153$

723 481 896 534 vismn
956 490 1122 541 esset,
1185 481 1328 548 quod
1398 481 1748 537 interdictum
1799 493 1936 545 erat,
2002 502 2279 556 nunquam

2389 493 2524 560 μήτε
2556 492 2756 561 ὡραῖον
2786 491 2958 560 ἐφάνη
2995 492 3142 562 αὐτῷ
3179 495 3238 545 τὸ
3269 494 3731 564 ἀπηγορευμένον
3780 499 3969 563 φυτζ-ε,

721 582 953 625 mentem
985 586 1137 625 suam
1167 575 1490 642 decepisset.
1528 574 1593 626 Et
1655 575 1879 631 adverte
1927 581 2072 646 quod
2133 579 2274 642 dico,

719 662 763 714 si
790 661 1040 716 diabolus
1065 664 1404 718 ostendisset
1430 667 1476 718 ei
1513 667 1738 733 lignum,
1769 667 1916 721 unde
1941 670 2174 737 sumpsit
2196 685 2280 723 ve-

719 753 872 807 titum
897 756 1099 818 cibum,
1132 765 1271 809 tetro
1291 756 1478 818 odore,
1523 767 1574 808 et
1599 757 1903 824 spinosum,
1927 768 1978 810 et
2010 773 2276 822 amarum,

718 845 1090 915 dixissetque:
1123 847 1178 900 Si
1215 863 1279 900 ex
1315 848 1414 899 hoc
1441 849 1769 910 comederis,
1800 849 1909 902 eris
1935 848 2099 911 Deus,
2139 866 2280 902 nuu-

716 955 876 1006 quam
908 939 1026 992 sine
1055 940 1374 1007 probatione
1401 944 1472 994 'et
1527 939 1882 1009 indagatione
1911 940 2086 993 locum
2127 940 2278 992 falla-

716 1028 814 1081 cia:
847 1029 968 1094 ejus
999 1029 1257 1082 dedisset.
1293 1029 1435 1093 Quin
1473 1031 1652 1097 potius
1683 1031 1898 1083 curiose
1930 1029 1997 1082 de
2023 1045 2086 1082 ea
2113 1045 2171 1082 rc
2200 1031 2280 1081 iu-

716 1119 1052 1187 quisivissct,
1085 1136 1146 1172 ac
1175 1121 1508 1186 respondens
1531 1122 1756 1174 dixisset
1784 1139 1794 1172 :
1823 1119 1975 1174 Unde
2001 1122 2103 1173 hoc
2130 1122 2238 1174 scis
2260 1124 2282 1172 ?

716 1219 807 1261 aut
837 1210 980 1263 unde
1028 1212 1156 1263 mihi
1207 1212 1306 1261 hor
1343 1213 1561 1277 probas,
1601 1223 1653 1261 rt
1691 1228 1774 1262 me
1804 1220 2012 1265 certum
2046 1211 2226 1264 reddis
2258 1211 2281 1263 ?

716 1310 768 1353 et
814 1301 1053 1370 denique
1084 1317 1359 1369 nunquam
1407 1302 1526 1354 sine
1562 1316 1688 1354 vera
1719 1301 2193 1355 demonstratione
2222 1302 2280 1353 li-

716 1391 838 1445 dem
869 1393 1050 1447 verbis
1082 1393 1202 1459 ejus
1237 1392 1598 1448 adhibuisset.
1633 1394 1928 1462 Postquam
1961 1407 2093 1446 vero
2122 1393 2274 1461 cupi-

716 1483 860 1536 ditas
885 1498 1010 1536 eum
1039 1484 1288 1545 mollivit,
1322 1483 1512 1539 fefellit
1539 1486 1652 1554 ipse
1686 1501 1842 1539 suam
1867 1487 2277 1556 cogitationem.

717 1574 809 1628 Sic
863 1575 1044 1629 evenit
1094 1576 1160 1629 iis
1208 1575 1301 1643 qui
1339 1575 1864 1644 pseudOprophetam
1903 1578 2276 1645 Agarenorum

718 1667 914 1728 secuti,
939 1665 1292 1721 crediderunt
1322 1667 1396 1728 ei,
1429 1669 1710 1720 concessis
1732 1673 1786 1719 et
1817 1667 2102 1733 promissls
2135 1667 2280 1719 volu-

717 1758 957 1826 ptatibus
986 1758 1218 1826 decepti.
1255 1757 1390 1810 Cum
1419 1759 1562 1811 enim
1597 1759 1766 1812 multa
1796 1757 1990 1825 spolia,
2018 1765 2072 1810 et
2105 1757 2275 1826 legem

2382 580 2480 631 οὐκ
2513 579 2578 631 ἂν
2631 579 2822 632 ἐαυτὸν
2869 582 3341 651 ἐφρεναπατησεν,
3378 585 3471 634 καὶ
3523 585 3620 635 τὸν
3672 585 3848 651 λόγον
3883 589 3968 637 τιεί

2383 667 2579 736 ἐχθροῦ
2633 669 2992 739 παρεδέξατο.
3032 671 3142 722 Καὶ
3172 674 3408 740 πρόσχες
3547 672 3701 737 λέγω
3727 690 3738 701 ·
3778 675 3836 724 εξ
3871 676 3969 724 ὑπ-

2384 757 2584 823 έδειξεν
2614 758 2763 828 αὑτῷ
2793 761 2820 812 δ
2851 760 3095 822 διάϐολος
3127 761 3291 828 φυτὸν
3321 763 3578 825 δυσῶδες,
3619 765 3966 824 ἀκανθῶδες,

2383 851 2475 903 καὶ
2501 852 2722 919 πικρδν,
2757 852 2848 904 καὶ
2877 849 3031 904 εἶπεν
3059 853 3205 922 αὐτῷ
3226 869 3239 881 °
3271 855 3332 906 Εἰ
3367 854 3564 923 φάγοις
3597 856 3714 906 ἀπὸ
3749 857 3965 914 τούτου,

2341 995 2343 1003 ι
2382 940 2478 1010 ἔσῃ
2513 941 2683 1003 θεός·
2746 943 2845 994 οὐκ
2879 943 2944 995 ἂν
2992 943 3398 1006 ἀναποδείκτως
3439 945 3535 996 καὶ
3579 945 3965 1000 avsis-tigna;

2382 1030 2713 1101 παρεδέξατο
2756 1033 2855 1101 τὴν
2901 1034 3137 1103 ἀπάτην.
3201 1034 3342 1086 Ἀλλ’
3389 1036 3964 1103 ἐπολυπραγμόνησεν

2382 1123 2448 1175 ἂν
2479 1124 2928 1192 ἀποκρινόμενος,
2971 1126 3065 1177 καὶ
3115 1125 3321 1192 λέγων·
3355 1125 3528 1177 Πόθεν
3574 1142 3662 1177 σοι
3712 1125 3885 1175 τοῦτο
3919 1128 3968 1173 τὲ

2384 1213 2602 1276 εἰδέναι,
2640 1215 2670 1282 ἦ
2703 1214 2871 1266 πόθεν
2919 1233 3007 1283 μοι
3042 1217 3304 1286 παρέχεις
3335 1217 3431 1284 τὴν
3461 1217 3733 1282 τοιαύτην
3763 1216 3968 1282 πληρο-

2385 1305 2613 1372 φορίαν,
2661 1306 2753 1357 καὶ
2806 1305 3116 1369 ἁπόδειξινς
3177 1309 3270 1359 καὶ
3318 1307 3504 1368 ἁπλῶς
3551 1307 3659 1357 οὐκ
3713 1307 3782 1357 ἄν
3847 1324 3966 1356 ποτε

2383 1396 2608 1464 ἐπείσθη
2645 1395 2772 1448 ἄνευ
2815 1397 3255 1465 ἀπαραλογίστου
3302 1398 3634 1463 ἀποδείξεως
3688 1398 3782 1448 τὸν
3819 1398 3966 1461 λέγε-δ

2384 1483 2546 1536 αὐτοῦ
2580 1485 3005 1553 παραδέξασθαι.
3054 1486 3268 1556 Ἐπειδὴ
3297 1486 3352 1538 δὲ
3396 1488 3427 1555 ὴ
3472 1485 3764 1553 ἐπιθυμία
3805 1489 3964 1551 ἐχει-

2336 1587 2342 1598 ’
2383 1592 2543 1637 νωσε,
2573 1575 2662 1627 τὸν
2689 1575 2884 1627 ἐαυτοῦ
2907 1576 3165 1644 λογισμὸν
3208 1577 3637 1646 παρελογξαατο,
3682 1577 3854 1629 Οὖτις)
3880 1595 3965 1626 ια’.

2381 1666 2431 1717 οἱ
2460 1666 2536 1735 τῷ
2558 1666 2979 1737 ψευδοπροφήτῃ
3012 1668 3121 1719 τῶν
3161 1667 3479 1736 Ἀγαρηνῶν
3512 1667 3965 1734 ἠκολουθηκότες

2385 1758 2818 1811 πεπιστεύκασιν
2878 1757 3025 1827 αὐτῷ
3055 1799 3070 1822 ,
3099 1761 3218 1820 ταῖς
3267 1757 3584 1826 δεδομέναις
3627 1759 3829 1819 αὐτοῖς
3883 1759 3964 1807 καὶ

716 1847 1002 1902 remissam
1037 1857 1090 1901 et
1121 1849 1440 1912 relaxatam,
1470 1857 1523 1901 et
1553 1862 1743 1900 eorum
1775 1846 2168 1915 cupiditatibus
2193 1847 2280 1915 ju-

2385 1845 2823 1915 ἐπηγγελμέναις
2860 1846 3074 1914 ἡδοναῖς
3103 1845 3554 1913 φενακισθέντες-ο
3590 1845 3830 1913 λάςευρα
3868 1846 3963 1911 γὰρ

716 1938 952 1993 cundam
975 1980 989 2003 ,
1021 1939 1265 1994 dedisset.
1292 1979 1306 2002 ,
1359 1938 1516 1993 facile
1552 1938 1952 1993 conscientiam
1999 1939 2278 2008 propriam

719 2031 868 2087 fatue
915 2032 1283 2100 decepcrunt,
1313 2029 1776 2098 credideruntque
1824 2029 2146 2098 prOphetam
2188 2028 2279 2084 Dei

717 2139 841 2181 esse
875 2133 928 2178 et
974 2123 1303 2193 apostolum.
1339 2121 1579 2183 Etenim,
1605 2122 1710 2176 nisi
1745 2121 2126 2190 proposuisset
2162 2136 2284 2189 qua:

715 2217 796 2272 eis
818 2215 1056 2285 jucunda
1106 2224 1309 2277 essent,
1348 2213 1439 2266 sed
1478 2214 1656 2279 potius
1690 2213 1914 2266 molesta
1943 2220 1996 2265 et
2027 2212 2284 2276 difﬁcilia,

715 2312 897 2362 statim
929 2317 1146 2362 austere
1193 2321 1245 2361 et
1280 2309 1395 2362 sine
1444 2307 1552 2361 ullo
1579 2307 1788 2374 pudore
1819 2304 2233 2371 respondissent
2268 2319 2282 2356 :

716 2401 876 2455 Unde
907 2400 1066 2453 nobis
1092 2399 1291 2452 suades
1339 2412 1461 2452 esse
1487 2405 1540 2451 te
1567 2411 1596 2450 a
1627 2396 1737 2449 Deo
1759 2395 1985 2449 missum
2012 2395 2034 2446 ?
2062 2402 2116 2447 et
2145 2408 2284 2462 quo-

717 2493 880 2546 modo
911 2491 1066 2545 tidem
1107 2489 1277 2544 facis?
1314 2489 1733 2557 exegissentque
1767 2488 1833 2540 ab
1869 2500 1937 2540 eo
1969 2485 2284 2554 perspicuas

717 2596 928 2641 eorum,
963 2595 1083 2646 quae
1113 2579 1348 2640 dicebat,
1381 2579 1636 2631 rationes.
1671 2576 1734 2629 Et
1764 2585 1820 2629 ut
1854 2589 1960 2628 uno
1997 2573 2163 2627 verbo
2195 2573 2284 2626 di-

718 2687 859 2734 cam,
911 2688 1032 2726 cum
1086 2679 1314 2739 argrotat
1355 2685 1416 2723 ea
1475 2685 1603 2738 pars
1675 2682 1781 2737 qua
1824 2667 2114 2735 cupimus,
2151 2675 2282 2718 tunc

720 2773 952 2818 mentem
985 2764 1152 2816 trahit
1178 2771 1232 2818 et
1266 2762 1332 2815 ad
1365 2761 1739 2815 assensionem
1773 2758 1950 2810 illicit.

2380 1937 2572 1998 πολλὰ,
2611 1939 2707 1990 καὶ
2759 1937 2954 2003 σκῦλα,
3003 1938 3096 1990 καὶ
3137 1937 3299 2006 νόμον
3329 1937 3643 2005 ἀνειμένον.
3702 1939 3800 1988 καὶ
3855 1942 3962 1990 ταῖς

2380 2030 2699 2100 ἐπιθυμίαις
2758 2030 2940 2083 αὐτῶν
2987 2031 3324 2101 καταθύμιον
3376 2030 3684 2093 δεδωκότος
3744 2031 3959 2089 αὺτοῖς,

2381 2121 2691 2191 ἐμώραναν,
2745 2123 2838 2174 καὶ
2891 2122 3246 2192 ἐξηπάτησαν
3293 2121 3388 2190 τὴν
3433 2121 3575 2173 ἰδίαν
3620 2121 3961 2188 cava-Zarat.

2384 2213 2477 2265 καὶ
2509 2213 2855 2292 ἐπίστευσαν,
2886 2213 2967 2264 ὅτι
3002 2213 3293 2282 προφήτης
3333 2212 3469 2273 ἐστὶ,
3509 2212 3610 2263 καὶ
3655 2211 3802 2262 Θεοῦ
3836 2214 3959 2262 απά-

2385 2300 2589 2363 σ-τολος.
2628 2303 2779 2354 Ἐπεὶ
2833 2303 2882 2354 εἰ
2915 2303 3081 2371 μηδὲν
3113 2303 3423 2372 προέτεινεν
3454 2303 3517 2353 ἐκ
3560 2301 3675 2353 τῶν
3726 2304 3960 2367 ὲζξέςεων

2382 2391 2585 2454 αὐτῶν,
2619 2391 2753 2444 ἀλλὰ
2785 2392 3006 2462 λυπηρά
3029 2409 3174 2455 τινα,
3211 2393 3306 2444 καὶ
3353 2391 3566 2460 ἐργώδη
3600 2392 3798 2453 αὐτοῖς
3834 2410 3960 2459 τεττι-

2383 2483 2630 2546 εδάλετον
2659 2484 2820 2546 εὐθὺς
2849 2484 2913 2536 ἂν
2944 2484 3232 2554 αὐστηρῶς
3262 2484 3429 2552 αὐτῷ.
3461 2486 3558 2535 καὶ
3601 2485 3827 2551 ἰταμῶς
3867 2489 3960 2536 ἀτ-

2381 2575 2669 2643 ικρίναντο
2692 2591 2703 2604 ’
2742 2575 2851 2628 Καὶ
2885 2553 3050 2628 πόθεν
3099 2578 3246 2645 ἡμᾶς
3282 2575 3506 2628 πείθεις.
3537 2578 3621 2628 ὅτι
3653 2593 3719 2627 σε
3768 2578 3796 2627 ό
3839 2576 3962 2634 62‘...-

2381 2649 2758 2729 ἀπέσταλκενς
2792 2667 2886 2717 καὶ
2907 2667 3027 2719 τίνα
3054 2667 3319 2718 πίστωσιν
3347 2667 3538 2728 δίδωςς
3573 2669 3674 2718 καὶ
3709 2668 3780 2716 ἂν
3811 2667 3961 2716 αὐτὶ-ρ

2386 2756 2778 2826 εἰσεπράξαντο
2800 2758 3070 2827 ἐναργεῖς,
3092 2750 3166 2810 ὧν
3189 2757 3341 2826 λέγῃ,
3371 2759 3465 2818 τὰς
3491 2757 3838 2818 ἀποδείξεις.
3863 2756 3961 2807 Καὶ

720 2857 906 2918 ἁπλῶς
932 2859 1126 2921 εἰπεῖν,
1177 2855 1299 2909 ἐπεὶ
1329 2855 1544 2916 πάντως
1577 2853 1640 2904 τὸ
1672 2848 2069 2919 ἐπιθυμητικὸν
2115 2847 2281 2912 νοσεῖ,
2323 2849 2416 2900 καὶ
2487 2850 2610 2902 τότε
2660 2851 2752 2902 τὸν
2796 2850 2921 2904 νοῦν
2970 2852 3288 2916 ἐπισπᾶται,
3343 2852 3435 2902 καὶ
3483 2850 3743 2912 δελεάζει
3837 2850 3960 2918 πρὶς

719 2951 1134 3020 συγκατάθεσιν.

786 3047 848 3102 Β.
873 3043 1164 3101 Poteratne
1195 3042 1287 3114 qui
1318 3048 1435 3098 erat
1463 3037 1759 3096 secundum
1789 3034 2119 3109 hypostasim
2150 3033 2273 3090 uni-

2453 3033 2513 3088 Β.
2563 3030 2824 3086 ’ἰῖδὺνατο
2854 3032 2881 3085 ὁ
2910 3030 3191 3103 ἡνωμένος
3221 3029 3342 3086 καθ’
3375 3031 3682 3087 τιν
3729 3031 3810 3102 τῷ
3854 3033 3959 3100 Ηῖῗο

719 3151 805 3195 tus
831 3139 963 3202 Deo,
989 3148 1185 3192 etcaro
1204 3137 1290 3189 illa
1311 3135 1450 3188 trahi
1478 3134 1699 3188 omnino
1721 3129 2088 3200 voluptatibus
2109 3127 2273 3191 illius,

2383 3126 2540 3194 Λόγῳ
2565 3126 2660 3177 καὶ
2711 3125 2916 3194 ήσὰρξ
2962 3127 3143 3192 ἐκείνη
3177 3124 3593 3192 συναπαχθῆναι
3649 3126 3800 3188 δλως
3851 3128 3960 3188 ταῖς

718 3233 807 3302 qui
831 3230 1093 3291 tentabat,
1125 3236 1179 3283 et
1218 3228 1447 3282 mundi?

785 3326 851 3378 A.
888 3323 1001 3377 Non
1028 3322 1272 3392 potuisse
1309 3321 1564 3383 dicimus,
1598 3334 1702 3371 non
1737 3327 1957 3386 propter
1989 3315 2280 3370 infirmita-

720 3427 826 3472 tem
859 3425 913 3472 ει
975 3416 1306 3470 debilitatem
1330 3452 1343 3474 ,
1382 3412 1475 3465 sed
1513 3420 1733 3481 propter
1764 3408 1925 3479 385
1953 3408 2282 3462 convenien-

721 3512 849 3563 tiam
873 3507 1100 3562 rationis
1129 3514 1182 3561 et
1218 3505 1479 3558 decentia:
1503 3519 1516 3566 ;
1541 3503 1682 3556 sicut
1731 3501 1964 3556 dicimus
1989 3515 2094 3554 non
2121 3513 2282 3570 posse

723 3601 888 3655 Deum
921 3598 1176 3668 injuriam
1208 3596 1406 3650 facere.

2377 3214 2471 3267 τοῦ
2498 3214 2852 3282 πειράζοντος
2874 3215 3112 3283 ἡδοναῖς.
3147 3216 3239 3266 καὶ
3265 3214 3357 3266 τοῦ
3387 3215 3597 3281 κόσμου
3621 3235 3634 3277 ;

2447 3308 2512 3359 Α.
2554 3305 2628 3356 Τὸ
2667 3303 2740 3373 μὴ
2769 3303 3028 3356 δύνασθαι
3061 3299 3162 3356 ὦδε
3196 3306 3256 3356 οὑ
3289 3305 3426 3356 κατὰ
3470 3305 3531 3355 τὸ
3574 3305 3841 3367 ἀσθενὲς,
3876 3311 3958 3359 καὶ

2377 3396 2709 3453 ἀνένδεκτον,
2735 3395 2828 3446 καὶ
2856 3391 3256 3462 ἀνεγχώρητον,
3284 3394 3420 3446 ἀλλὰ
3452 3398 3602 3448 κατὰ
3629 3397 3689 3447 τὸ
3715 3397 3955 3464 εἱλογον,

2379 3487 2473 3540 καὶ
2504 3485 2794 3556 εὐπρεπὲς,
2824 3486 2898 3548 ὡς
2929 3487 3022 3538 καὶ
3063 3487 3156 3538 ἐπὶ
3193 3485 3284 3539 τοῦ
3315 3485 3450 3538 Θεοῦ
3499 3503 3716 3554 φαμεν,
3773 3490 3859 3542 Et:
3907 3491 3957 3541 cl

2377 3579 2595 3634 δύναται
2623 3579 2778 3647 ἀδικῆ
2787 3595 2894 3630 σαι.

2275 3719 2411 3778 VIII.

888 3849 1241 3918 Interrogatio
1273 3845 1504 3899 Arabum
1533 3851 1717 3898 contra
1745 3842 2134 3897 Christianum.

1171 3957 1236 4010 Α.
1293 3955 1488 4010 Christ.
1541 3952 1604 4006 Β.
1645 3951 1806 4006 Arab.

789 4053 847 4105 Β.
883 4050 980 4104 Dic
1008 4048 1169 4113 mihi,
1200 4057 1355 4103 estne
1375 4043 1632 4100 Christus
1659 4042 1801 4098 Deus
1837 4052 1964 4097 tuus
1991 4042 2013 4094 ?

790 4144 854 4197 A.
885 4142 1139 4196 Maxime.

789 4237 848 4289 Β.
879 4235 1126 4289 Habesne
1161 4231 1327 4285 alium
1366 4228 1535 4282 Deum
1569 4234 1767 4296 praeter
1797 4225 1962 4279 eum?

789 4329 854 4380 Λ.
897 4326 1270 4393 Nequaquam.

789 4417 852 4469 Β.
883 4417 1054 4485 Igitur
1101 4414 1261 4468 Pater
1295 4420 1350 4466 et
1395 4411 1630 4481 Spiritus
1680 4417 1907 4462 sanctus
1955 4403 2278 4460 exciderunt

794 4599 854 4648 A.
889 4594 1027 4647 Audi
1061 4593 1224 4646 etiam
1249 4606 1354 4646 me.
1386 4589 1490 4653 Sit,
1517 4587 1856 4655 exsistalque
1882 4585 1970 4638 hic
2013 4585 2279 4650 scriptura

723 4690 926 4742 vestra,
957 4695 1116 4750 quam
1139 4679 1327 4732 dicitis
1372 4693 1401 4732 e
1424 4677 1568 4731 coelo
1585 4674 1956 4738 descendisse,
1995 4681 2283 4742 percontor

721 4787 748 4818 ιι
783 4779 853 4831 te,
886 4769 1129 4822 habesne
1160 4765 1320 4818 aliam
1355 4773 1552 4832 praeter
1581 4761 1762 4816 hanc?

793 4947 852 4999 Β.
894 4945 1241 5012 Rcspondeo,
1272 4942 1475 4995 nullam
1514 4939 1674 4992 aliam
1711 4937 1929 4990 habere.

792 5039 856 5092 Α.
894 5033 1070 5103 Negas
1106 5035 1272 5102 igitur
1289 5046 1504 5085 omnem
1530 5030 1729 5083 aliam?

793 5127 853 5180 Β.
886 5125 1141 5179 Maxime.

792 5221 860 5276 A.
892 5217 1074 5284 Quid?
1103 5216 1161 5270 Si
1191 5214 1334 5270 adsit
1370 5212 1512 5266 alius
1552 5211 1712 5274 liber,
1745 5209 1838 5278 qui
1869 5207 2116 5263 eamdem
2145 5206 2282 5262 scri-

722 5324 934 5383 pturam
969 5310 1186 5374 habeat,
1219 5321 1387 5376 negas
1421 5305 1750 5373 scripturam
1781 5301 1972 5356 illam?

797 5407 854 5458 Β.
905 5402 1022 5458 Non
1059 5410 1141 5455 est
1193 5400 1323 5464 alia,
1354 5405 1406 5451 et
1435 5397 1541 5449 alia
1578 5394 1849 5462 scriptura
1873 5435 1886 5458 ,
1935 5391 2028 5446 sed
2060 5391 2281 5455 eadem;

723 5493 940 5547 tametsi
968 5494 1021 5543 in
1055 5491 1163 5542 alio
1188 5489 1330 5542 libro
1357 5484 1537 5555 posita
1570 5493 1672 5538 cst.

793 5585 856 5637 A.
891 5582 981 5635 Sic
1028 5595 1126 5649 ego
1164 5579 1322 5632 etiam
1363 5577 1505 5638 dico,
1539 5590 1644 5626 non
1680 5581 1764 5627 est
1811 5571 1972 5626 Pater
2022 5579 2075 5625 et
2110 5569 2285 5639 Spiri-

726 5687 812 5730 tus
843 5681 1072 5729 sanctus
1108 5671 1256 5723 aliud
1303 5677 1356 5721 et
1387 5666 1532 5720 aliud
1570 5673 1763 5733 praeter
1785 5661 2003 5728 Filium,
2031 5662 2282 5731 quamvis

726 5775 777 5825 in
811 5769 912 5822 alia
947 5775 998 5820 ct
1052 5765 1155 5818 alia
1182 5760 1460 5834 hypostasi
1495 5759 1778 5827 reperitur.

2556 3830 2877 3900 Ἐρώτησις
2921 3831 3178 3899 Ἀράϐων
3205 3833 3354 3900 πρὸς
3388 3835 3790 3918 Χριστιανόιιξ.

2754 3951 2793 3999 Α
2853 3949 3222 4013 Χριστιανὸς,
3257 3950 3301 3999 Β
3360 3949 3570 4014 Ἄραψ.

2456 4037 2514 4090 Β.
2546 4037 2676 4089 Εἰπέ
2717 4055 2824 4106 μοι,
2856 4039 2883 4089 ὁ
2915 4039 3146 4106 Χριστὸς
3178 4037 3310 4099 Θεός
3347 4037 3435 4089 σού
3474 4040 3675 4104 ἐςτινς

2455 4127 2516 4177 Λ.
2547 4125 2672 4177 Ναί.

2455 4217 2514 4270 Β.
2550 4217 2730 4284 Ἔχεις
2762 4211 2854 4268 οὖν
2889 4216 3072 4286 ἕτερον
3105 4216 3236 4268 Θεὸν
3271 4216 3408 4285 πλὴν
3435 4219 3603 4270 αὐτοῦ
3630 4238 3645 4282 ;

2455 4309 2519 4361 Α.
2543 4306 2693 4376 Οὐχί.

2455 4399 2516 4451 Β.
2547 4397 2754 4450 Οὐκοῦν
2786 4398 2814 4449 ὁ
2845 4398 3032 4468 Πατὴρ
3067 4399 3159 4451 καὶ
3200 4399 3261 4451 τὸ
3298 4399 3520 4467 Πνεῦμα
3561 4401 3950 4458 διαπεπτῶκα-

2317 4475 2359 4528 D
2390 4485 2472 4536 σίν
2504 4503 2606 4539 σοι.

2453 4577 2514 4627 Α.
2548 4576 2744 4628 ’Λκουε
2797 4577 2888 4628 καὶ
2916 4578 2978 4627 σὺ
3031 4576 3160 4644 παρ’
3204 4575 3358 4643 ἐμοῦ.
3403 4577 3683 4645 Παρέατω
3727 4583 3949 4636 ἐνταῦθα

2384 4665 2504 4718 καθ’
2534 4666 2878 4734 ὑπόστασινή
2907 4666 3150 4735 ὑμετέρα
3180 4665 3385 4734 γραφὴ,
3416 4667 3447 4735 ἡ
3481 4669 3542 4718 ἐκ
3567 4668 3669 4720 τοῦ
3701 4671 3947 4740 οὖραιρτέ.

2382 4755 2456 4818 ὥς
2490 4774 2658 4824 φατε,
2693 4757 3058 4810 κατελθοῦσα·
3104 4758 3364 4825 ἐρωτήσω
3395 4757 3449 4809 δέ
3485 4775 3537 4809 σε
3561 4799 3574 4818 ,
3613 4760 3769 4828 ἔχεις
3803 4765 3948 4815 ETw.

2384 4847 2598 4917 γραφὴν
2633 4848 2770 4916 πλὴν
2791 4848 2994 4915 ταύτης
3019 4864 3032 4907 ;

2455 4938 2515 4989 Β.
2563 4937 2979 5006 Ἀποκρινοῦμαε
3003 4955 3083 4989 σοι
3143 4938 3327 4988 λοιπὸν
3357 4937 3430 5006 μὴ
3469 4937 3639 5006 ἔχειν.

2451 5030 2513 5080 Α.
2555 5028 2762 5080 Οὐκοῦν
2796 5030 2928 5097 ἀρνῇ
2963 5030 3142 5080 πᾶσαν
3178 5028 3366 5096 ἑτέραν
3401 5029 3622 5096 γραφήν
3652 5045 3664 5091 ;

2455 5119 2513 5170 Β.
2546 5119 2672 5173 Ναί.

2456 5211 2519 5262 Α.
2546 5207 2610 5260 Τί
2635 5205 2762 5272 οῦν;
2793 5210 2852 5261 Ei
2877 5209 3080 5276 παρείη
3105 5207 3238 5277 ἄλλη
3275 5207 3469 5276 βίϐλος,
3496 5213 3597 5274 τὴν
3631 5209 3808 5279 αὐτὴν
3833 5229 3943 5279 τρι·

2386 5302 2489 5371 φὴν
2519 5302 2736 5370 ἔχουσα,
2779 5301 2917 5370 ἀρνῇ
2949 5299 3048 5369 τὴν
3080 5299 3299 5369 γραφὴν
3335 5299 3588 5365 ἐκείνην;

2453 5394 2513 5444 Β.
2546 5391 2658 5444 Οὐκ
2686 5390 2831 5442 ἐστιν
2861 5389 3131 5458 inmani.
3165 5388 3297 5457 ἄλλη
3329 5388 3533 5457 γραφὴ,
3568 5388 3690 5439 ἀλλ’
3729 5392 3763 5458 ἦ
3799 5393 3937 5458 αὖτίς,

2384 5484 2431 5535 εἰ
2463 5481 2555 5535 καί
2580 5482 2637 5532 ἐν
2665 5479 2798 5550 ἄλλῃ
2825 5479 2918 5532 καὶ
2947 5479 3081 5549 ἄλλῃ
3106 5478 3446 5548 καθέστηκεν
3476 5477 3674 5547 βίελῳ.

2453 5575 2518 5624 Α.
2564 5572 2720 5624 Ἀλλὰ
2746 5572 2900 5638 κάγὼ
2930 5571 3093 5637 λέγω.
3131 5571 3210 5622 ὅτι
3249 5573 3349 5622 οἰκ
3387 5570 3532 5621 ἐστιν
3560 5573 3584 5621 ὁ
3616 5573 3831 5639 Πατὴρ.
3863 5576 3938 5624 21‘.

2384 5664 2444 5715 τὸ
2471 5661 2691 5730 Πνεῦμα
2721 5663 2870 5724 ἄλλο,
2902 5662 2994 5714 καὶ
3026 5662 3151 5714 ἄλλο
3191 5662 3339 5730 παρᾶ
3371 5662 3462 5712 τὸν
3499 5662 3650 5718 Υἱῖ-ν.
3697 5665 3739 5713 εἰ
3779 5668 3858 5713 κπέ

2388 5755 2539 5822 ἄλ)ῃ,
2575 5755 2664 5808 καὶ
2696 5753 2829 5822 ἄλλῃ
2864 5755 3156 5807 ὑποστάσει
3195 5756 3529 5820 εὑρίσκεται.
