4086 6454
1542 411 1928 472 OPUSCULA
1946 462 1956 475 .

1696 527 1788 582 IX.

3232 427 3365 492 1530

298 617 621 686 Ἐρώτησις
647 616 975 687 Ἀγαρηνοῦ
1001 629 1152 687 προς
1182 618 1287 671 τὸν
1313 620 1521 672 αὐτόν.

1949 621 2186 686 ριιωιὶο
2237 623 2300 675 ab
2341 622 2581 693 Agareno
2620 624 2877 678 Abucarte
2909 625 3203 693 proposita.

1424 707 1686 768 (Turriano
1715 705 2044 769 interprete.)
2090 762 2092 764 τ

379 799 446 850 Α.
478 798 510 850 ό
541 792 917 865 Χριστιανὸς.
959 795 1026 846 Β.
1051 795 1084 846 ό
1111 792 1450 861 Ἀγαρηνός.
1723 792 1773 848 Α

164 893 238 944 Β.
290 889 428 943 Εἰπέ
476 906 588 958 μοι,
632 888 684 940 οἱ
725 885 973 939 Ἰουδαῖοι
1018 884 1111 936 τὸν
1137 883 1395 954 Χριστὸν,
1439 883 1498 936 ὃν
1557 883 1690 938 Θεὸν

80 979 191 1028 σὸν
223 972 377 1030 εἶναι
397 975 598 1042 λέγεις,
633 973 1070 1043 σταυρώσαντες,
1101 971 1429 1043 βουλομένου
1445 973 1688 1044 αὑτοῦ,ἢ

87 1069 178 1138 μὴ
214 1067 578 1137 βουλομένου,
605 1065 766 1118 τοῦτο
790 1063 1196 1133 πεποιήκασιν;

169 1162 244 1212 Α.
275 1159 639 1227 Βουλομένου.

172 1252 243 1304 Β.
275 1251 395 1304 Οὐκ
426 1251 520 1302 οὑν
548 1249 707 1318 μόνον
729 1247 869 1300 εἰσιν
899 1245 1205 1309 ἀνεύθυνοι,
1237 1245 1375 1299 ἀλλά
1402 1246 1497 1299 καὶ
1529 1247 1690 1316 εὐχα-

92 1341 448 1411 ριπηθῆναι
472 1339 602 1411 παρ’
621 1339 774 1409 ὑμῶν
805 1337 1133 1406 ὀφείλουσιν.

175 1435 249 1485 Α.
295 1429 620 1501 Ἀπόκριναί
658 1446 772 1498 μοι,
814 1427 1193 1496 ἀντερωτῶντί
1232 1442 1327 1479 σε’
1375 1427 1486 1495 ἐγὼ
1532 1428 1693 1497 βλασ-

94 1524 322 1593 φημῶν
345 1523 466 1576 καθ’
518 1522 757 1592 ἑκάστην
784 1521 1022 1592 ἡμέραν,
1049 1518 1123 1582 ὡς
1157 1518 1221 1571 σὺ
1266 1518 1469 1586 λέγεις,
1497 1520 1576 1582 είς
1601 1520 1693 1572 τὸν

91 1616 246 1667 Θεόν
275 1632 395 1677 σου,
429 1614 654 1676 ἄκοντος
679 1612 845 1666 αὑτοῦ
886 1610 1050 1664 τοῦτο
1089 1611 1338 1680 πράσσω,
1371 1609 1403 1676 ἢ
1434 1609 1648 1672 ἑκόντος
1674 1627 1689 1676 ;

95 1709 154 1759 εί
198 1706 304 1776 μὲν
333 1706 440 1775 γὰρ
473 1707 698 1767 ἄκοντος
723 1743 738 1767 ,
789 1702 1024 1771 ἀσθενής
1056 1704 1206 1754 ἐστιν
1232 1718 1246 1732 ο
1289 1702 1339 1754 εἰ
1365 1701 1422 1755 δέ
1451 1702 1688 1764 ἑκόντος,

95 1799 168 1849 οὐ
199 1798 368 1867 μόνον
397 1797 497 1849 οὐκ
522 1795 750 1864 ὤφειλεν
784 1794 910 1862 τέλη
933 1834 946 1855 ,
980 1795 1072 1845 καὶ
1113 1794 1314 1864 φόρους
1341 1793 1691 1846 ἀπαιτεῖσθαι

98 1891 248 1960 παρ’
282 1889 443 1960 ἐμοῦ,
479 1888 615 1941 ἀλλά
645 1886 793 1956 δῶρα
824 1884 1169 1954 κομίζεσθαι,
1202 1884 1297 1937 ἅτε
1327 1883 1573 1953 βούλημα
1599 1883 1691 1936 τοῦ

1795 1891 1977 1962 potius
2002 1907 2233 1947 munera
2269 1891 2526 1946 deberem
2568 1890 2729 1956 ferre,
2752 1891 2954 1960 quippe
2982 1891 3077 1960 qui
3107 1890 3365 1944 volunta-

98 1979 255 2034 Θεοῦ
297 1998 393 2033 σου
434 1979 678 2050 πληρῶν,
715 1978 832 2029 Ἔτι
865 1993 956 2047 μοι
997 1975 1294 2044 ἀπόκριναι
1319 1991 1334 2006 ο
1377 1975 1543 2045 ἡνίκα
1571 1977 1693 2036 ταῖς

1795 1991 1902 2039 tem
1933 1984 2027 2039 Dei
2067 1984 2143 2037 tui
2173 1969 2443 2053 expleam.
2479 1980 2768 2052 Responde
2810 1981 2990 2036 adhuc
3037 1981 3194 2045 mihi,
3240 1996 3363 2036 cum

119 2072 474 2139 Ῥωμαϊκαῖς
525 2067 936 2120 ἐπιϐατεύσοιτε
982 2063 1207 2134 χώραις,
1238 2063 1292 2115 εῐ
1322 2081 1401 2127 τις
1441 2063 1501 2128 ἐξ
1539 2062 1693 2133 ὑμῶν

1795 2091 1892 2132 vos
1925 2076 1992 2130 ad
2019 2076 2268 2145 regiones
2296 2074 2666 2129 Romanorum
2693 2070 2924 2143 profecti
2974 2074 3133 2136 estis,
3159 2073 3205 2126 si
3241 2073 3366 2142 quis

102 2163 306 2214 αὐτόθι
342 2161 612 2230 φονευθῇ,
664 2159 765 2211 οὐκ
798 2159 878 2220 είς
907 2157 999 2208 τὸν
1047 2156 1380 2226 παράδεισον
1405 2154 1693 2225 πορεύεται

1797 2182 1862 2222 ex
1890 2167 2087 2222 vestris
2120 2167 2195 2220 ibi
2233 2165 2401 2236 386
2429 2163 2756 2220 interfectus
2787 2170 2895 2229 est,
2931 2177 3138 2228 nonne,
3172 2158 3243 2217 ut“
3268 2178 3364 2219 vos

106 2255 340 2315 παντως
362 2253 437 2314 ὡς
467 2253 623 2321 ὑμεῖς
651 2247 1007 2318 δογματίζετε
1032 2264 1046 2312 ;

1797 2258 2005 2314 docetis
2058 2265 2113 2311 et
2144 2258 2389 2320 traditis,
2439 2256 2496 2310 in
2530 2254 2850 2326 paradisum
2885 2253 3226 2326 ingreditur?

187 2345 252 2398 Β.
285 2345 392 2396 Ναὶ
421 2344 656 2404 πάντως.

1865 2347 1928 2402 Β.
1967 2349 2044 2401 ita
2086 2363 2220 2402 sane
2246 2358 2355 2402 est.
2428 2385 2431 2391 ι

190 2440 258 2489 A.
305 2437 366 2488 Εἰ
403 2431 494 2488 οὖν
522 2451 615 2486 σου
660 2434 777 2501 ἅμα
811 2432 888 2503 τῷ
916 2431 992 2502 σῷ
1032 2432 1073 2463 ³⁷
1103 2432 1310 2501 γνησίῳ
1353 2428 1565 2498 ἁδελφῷ
1597 2446 1693 2481 πε-

1865 2436 1932 2495 Α.
1974 2435 2028 2490 Si
2072 2437 2238 2508 igitur
2273 2445 2330 2490 tu
2366 2451 2490 2496 cum
2521 2435 2695 2491 fratre
2740 2443 2835 2490 tuo
2866 2443 2920 2490 et
2953 2434 3064 2490 lilio
3086 2434 3214 2489 illuc
3240 2449 3365 2504 pro-

117 2531 489 2600 πορευμὲνου,
522 2529 617 2579 καὶ
653 2523 1232 2596 ἐπιστρατευσαμένου
1271 2525 1383 2585 τοῖς
1422 2522 1529 2574 τῶν
1564 2522 1693 2574 Ῥω-

1798 2523 1972 2581 fectus
2004 2541 2178 2591 esses,
2212 2535 2265 2579 et
2305 2515 2750 2591 ibi“-nnilitasses,
2800 2541 2865 2581 ac
2911 2534 3098 2595 postea
3162 2524 3364 2595 aliquis

2113 796 2178 848 A.
2229 795 2589 850 Christianus.
2627 796 2692 849 Β.
2732 795 3029 863 Agareutts.

1864 885 1922 938 Β.
1943 885 2037 940 Dic
2061 887 2217 953 mihi,
2237 887 2547 951 Christum,
2574 903 2736 958 quem
2762 890 2819 942 tu
2845 888 2982 944 dicis
3015 889 3181 945 Deum
3207 897 3361 944 tuum

1791 991 1936 1041 esse,
1987 992 2112 1032 cum
2143 980 2297 1033 cruci
2340 979 2630 1033 aﬂixerunt
2662 977 2862 1046 Judaei,
2887 979 3207 1036 feceruntne
3233 981 3360 1044 hoc,

1793 1067 1915 1137 ipso
1936 1069 2173 1135 volente,
2203 1086 2272 1124 an
2298 1085 2406 1125 non
2435 1071 2694 1126 volente?

1861 1161 1928 1214 Δ.
1961 1160 2213 1217 Volente.

1861 1253 1924 1307 Β.
1955 1252 2074 1308 Non
2100 1255 2278 1308 solum
2304 1253 2476 1323 igitur
2501 1262 2632 1309 sunt
2665 1254 2879 1309 nullius
2907 1268 3083 1323 poenae
3135 1253 3232 1318 rei,
3267 1254 3362 1309 sed

1793 1346 1978 1413 potius
2005 1345 2272 1400 habenda:
2303 1353 2434 1400 sunt
2456 1345 2538 1401 eis
2558 1347 2772 1414 gratiae.

1861 1437 1927 1491 Δ.
1959 1436 2252 1506 Responde
2281 1437 2416 1490 mihi
2448 1451 2642 1491 rursus
2678 1436 3047 1505 percontanti,
3092 1450 3192 1506 ego
3239 1449 3363 1491 cum

1792 1529 2040 1599 quotidie
2061 1528 2228 1582 Deum
2255 1537 2431 1594 tuum,
2455 1536 2512 1581 ut
2555 1535 2612 1581 tu
2642 1527 2746 1592 ais,
2777 1527 3136 1595 blasphemiis
3159 1524 3362 1586 allicio.

1794 1619 1936 1674 facio
1964 1621 2068 1674 hoc
2101 1621 2272 1674 invito
2299 1635 2389 1685 eo,
2417 1635 2484 1674 an
2513 1633 2621 1673 non
2665 1618 2884 1674 invito?
2909 1619 2956 1674 si
2990 1620 3139 1673 enim
3166 1619 3360 1680 invito,

1795 1711 2046 1768 infirmus
2075 1720 2129 1767 et
2159 1711 2452 1766 imbecillis
2477 1719 2592 1776 est;
2643 1711 2726 1764 sin
2767 1716 2951 1764 autem
2986 1710 3226 1776 volente,
3256 1724 3362 1763 non

1794 1802 1970 1857 solum
2001 1817 2108 1857 non
2137 1803 2357 1856 debet-a
2390 1815 2476 1854 me
2507 1816 2606 1870 pro
2626 1815 2694 1854 eo
2743 1799 3010 1853 tributum
3039 1799 3180 1870 exigi
3206 1815 3219 1863 ;
3268 1799 3364 1854 sed

122 2623 306 2692 μαίων
343 2621 432 2673 τὸν
454 2620 542 2672 σὺν
563 2619 678 2672 υίὸν
703 2619 748 2650 ³⁸
782 2617 1013 2681 ἀνεῖλεν,
1034 2612 1144 2686 ἄρα
1164 2616 1255 2667 τὸν
1289 2613 1452 2667 αὐτὸν
1474 2613 1695 2666 ἀνελόν-

116 2731 190 2766 τα
243 2714 320 2776 ὡς
340 2712 533 2783 ἐχθρὸν
575 2710 907 2781 ἀμύνεσθαι,
931 2710 1026 2762 καὶ
1068 2709 1415 2777 ἀνταναιρεῖν
1449 2704 1694 2776 ἔμελλες,

117 2805 154 2876 ἢ
187 2805 265 2868 ὡς
311 2806 609 2875 εὐεργέτην
652 2803 841 2874 τιμᾷν,
877 2802 972 2855 καὶ
993 2799 1334 2864 ἀσπάζεσθαι
1386 2800 1483 2853 καὶ
1525 2817 1696 2853 κατα-

121 2894 327 2963 φιλεῖν;

197 2987 258 3037 Β.
293 2986 518 3046 Πάντως
545 2987 614 3039 ἂν
639 2984 937 3037 ἀπέκτεινα
960 2983 1121 3037 αὐτὸν
1155 2983 1434 3053 μυριάκις,
1474 2981 1567 3035 καὶ
1598 2998 1696 3052 με·-

123 3077 285 3147 ληδὸν
307 3076 632 3146 κατέτεμον,
663 3075 778 3142 είγε
805 3075 1099 3145 δυναίμην.

193 3169 260 3220 Δ.
293 3169 399 3219 Καὶ
426 3167 543 3229 πῶς
563 3167 654 3219 τὸν
677 3167 848 3219 αῖτιον
871 3166 973 3234 τῆς
992 3166 1247 3236 τοιαύτης
1272 3166 1550 3234 σωτηρίας
1597 3165 1693 3218 καὶ

122 3259 334 3328 τρυφῆς
347 3257 425 3326 τῷ
443 3257 519 3325 σῷ
541 3257 910 3327 γεγενημένον
932 3257 975 3288 ³⁸
999 3256 1238 3326 ἀδελφῷ,
1263 3256 1470 3308 δίκαιον
1486 3255 1697 3325 κρίνεις

120 3352 334 3403 ἀνελεῖν
361 3367 374 3415 ;
400 3351 534 3403 Είπὲ
586 3350 641 3402 δέ
688 3367 778 3418 μοι
828 3349 924 3403 καὶ
951 3348 1139 3418 ἕτερον
1173 3349 1434 3418 πρᾶγμα·
1464 3349 1511 3401 εἰ
1557 3348 1696 3400 κατὰ

1800 2619 2080 2674 Romanus
2123 2619 2349 2672 fratrem
2391 2626 2572 2684 tuum,
2608 2628 2701 2672 aut
2752 2617 2925 2672 ﬁlium
2957 2616 3258 2679 occideret,
3294 2631 3362 2669 an

1801 2721 1853 2766 tu
1896 2712 2049 2765 illum
2087 2710 2186 2780 Qui
2228 2709 2454 2775 occidit,
2508 2719 2768 2780 tanquam
2817 2709 3106 2763 inimicum
3165 2709 3360 2762 ulcisci

1796 2803 2048 2866 deberes,
2069 2817 2144 2856 an
2179 2803 2362 2871 potius
2394 2810 2654 2870 tanquam
2709 2800 3015 2857 beneficum
3072 2801 3363 2865 honorare,

1796 2895 2054 2964 amplecti
2081 2903 2136 2950 et
2165 2895 2514 2950 exosculari?

1866 2986 1926 3040 Β.
1967 2985 2079 3040 lmo
2108 3001 2240 3040 vero
2277 2985 2474 3040 millies
2526 2998 2667 3039 sane.
2697 2985 3050 3047 occidissem,
3083 2993 3137 3040 et
3193 2997 3366 3038 mem-

1795 3078 1990 3133 bratim
2018 3078 2433 3148 discerpsissem
2467 3077 2512 3132 si
2552 3078 2874 3147 potuissem.

1867 3171 1932 3224 A.
1969 3169 2035 3223 Et
2065 3171 2344 3240 quomodo
2379 3184 2594 3238 tequum
2627 3184 2749 3224 esse
2780 3167 3021 3238 iudicas,
3074 3182 3199 3222 eum
3226 3167 3367 3222 occi-

1798 3261 1944 3325 dere,
1981 3263 2074 3329 qui
2107 3261 2208 3315 fuit
2252 3276 2418 3315 causa
2455 3261 2586 3326 filio,
2629 3268 2720 3314 aut
2753 3259 2907 3314 fratri
2951 3266 3065 3324 tuo,
3109 3267 3276 3313 tanta!
3302 3273 3366 3312 ac

1797 3353 1922 3406 talis
1981 3353 2175 3408 salutis
2226 3366 2290 3405 ac
2345 3352 2686 3421 voluptatis?
2724 3351 3013 3421 Responde
3068 3351 3202 3405 mihi
3241 3365 3365 3404 rur-

117 3444 216 3496 τὸν
254 3442 344 3495 σὸν
373 3441 647 3511 ὀφθαλμὸν
675 3436 818 3510 εἶχες
860 3439 1102 3510 μώλωπα
1130 3439 1251 3492 λίαν
1278 3439 1538 3508 ὀδυνηρὸν
1599 3438 1693 3492 καὶ

1798 3458 1915 3508 sus,
1943 3445 1988 3496 si
2021 3444 2252 3498 haberes
2281 3444 2332 3496 in
2365 3444 2530 3496 oculo
2563 3452 2655 3496 tuo
2678 3443 3016 3506 cicatricem,
3047 3456 3169 3511 quae
3188 3449 3241 3496 te
3266 3441 3366 3496 (10--

119 3536 419 3606 θανάσιμον
441 3551 454 3565 ·
492 3534 724 3602 ⁴ἠθέλησε
750 3533 808 3586 δέ
839 3549 921 3594 τις
956 3532 1065 3584 τῶν
1092 3529 1197 3583 σῶν
1229 3530 1440 3601 ἐχθρῶν
1471 3531 1692 3600 καιρίαν

122 3648 211 3684 σοι
241 3629 422 3684 δοῦναι
455 3629 698 3699 πληγὴν,
738 3630 833 3680 καὶ
863 3627 1059 3680 θᾶττόν
1097 3643 1156 3678 σε
1203 3627 1304 3694 τῆς
1342 3625 1489 3694 ζωῆς
1519 3627 1694 3678 ἀπαλ-

120 3722 284 3790 λάξαι
324 3721 606 3791 εὐκαιρίας
655 3717 1016 3790 δραξάμενος,
1055 3719 1338 3787 ἐπήγαγεν
1375 3718 1431 3769 δέ
1475 3735 1555 3769 σοι
1596 3716 1695 3786 τὴν

125 3815 364 3886 πληγὴν,
386 3813 484 3866 οὐκ
513 3814 569 3865 ἐν
586 3811 732 3882 ἄλλῳ
755 3813 911 3882 μέρει
936 3809 1028 3863 τοῦ
1056 3810 1327 3881 σώματος,
1354 3809 1466 3863 ἀλλ’
1495 3809 1527 3878 ἢ
1554 3810 1694 3861 κατά

122 3907 220 3959 τὸν
274 3903 811 3976 τετραυματισμένον
865 3901 1174 3972 ὀφθαλμὸν,
1224 3902 1312 3953 ἵνα
1367 3917 1465 3962 σε,
1514 3899 1694 3962 καθὼς

123 3999 282 4067 ἔφην,
317 3995 595 4064 ταχύτατα
623 3994 717 4047 τοῦ
748 3995 846 4064 ζῇν
877 3993 1163 4064 ἀπαλλάξῃ
1199 3994 1262 4044 ἐκ
1290 3991 1386 4044 τοῦ
1419 3991 1696 4062 συμϐεϐη-

126 4091 284 4151 κότος
323 4087 553 4156 πληγεὶς
591 4085 893 4155 ὀφθαλμὸς,
943 4085 1134 4156 ἐρευσε
1166 4083 1297 4146 πύα,
1327 4085 1423 4137 καὶ
1473 4081 1693 4153 ίχῶρας,

125 4181 227 4234 καὶ
262 4181 430 4249 ὑγρὰν
466 4179 736 4249 σηπεδόνα
763 4194 776 4208 ⁸
809 4178 872 4229 σὺ
917 4177 972 4229 δέ
1004 4176 1104 4246 τῆς
1139 4175 1431 4244 ἀλγηδόνος
1451 4174 1694 4228 ἀπαλλα·

125 4273 245 4340 γεὶς
281 4271 365 4324 διὰ
398 4274 497 4335 τῆς
542 4271 757 4339 πληγῆς
804 4269 1020 4339 ἐκείνης
1073 4269 1294 4331 τελείως
1341 4267 1589 4336 ύγίανας,
1621 4267 1697 4330 ὡς

128 4360 279 4428 φίλον
305 4361 408 4430 ἄρα
433 4359 528 4413 καὶ
561 4358 883 4429 εὐεργέτην,
907 4360 1002 4410 τὸν
1026 4357 1294 4410 δεδωκότα
1322 4375 1403 4410 σοι
1434 4356 1533 4428 τὴν
1561 4355 1697 4426 πλη-

129 4452 235 4520 γὴν
265 4450 435 4521 ἐώρας
488 4450 704 4520 ἐχθρὸν,
726 4450 786 4502 ού
838 4449 971 4519 πρὸς
1015 4450 1115 4518 τὴν
1161 4448 1484 4518 προαίρεσιν
1532 4447 1696 4501 αύτοῦ

133 4543 539 4611 ἁποσκοπήσας,
571 4539 707 4593 ἀλλά
737 4540 872 4609 πρὸς
910 4540 970 4591 τὸ
1008 4538 1422 4610 ἀπροαιρέσεως
1448 4537 1493 4568 ⁸ο
1531 4537 1696 4590 αὑτοῦ

139 4635 214 4705 μὴ
240 4633 474 4693 θέλοντος
505 4631 718 4699 συμϐὰν
746 4631 1025 4700 ἐστεργες.
1059 4631 1154 4682 καὶ
1180 4631 1496 4700 εὐηργέτεις
1524 4646 1538 4694 ;

135 4720 148 4731 ’
207 4725 262 4778 Β.
313 4723 466 4775 Ἀλλά
519 4721 614 4774 καὶ
659 4720 800 4774 κατά
863 4720 1022 4789 μέλος
1090 4721 1251 4774 αὑτὸν
1286 4719 1694 4791 ἐτιμωρούμην,

1796 3538 1911 3591 lore
1940 3536 2198 3599 alliceret,
2234 3546 2287 3590 et
2321 3536 2604 3592 mortifera
2636 3542 2801 3603 esset,
2843 3535 3115 3604 velletque
3165 3534 3364 3604 aliquis

1797 3629 2053 3684 inimicus
2095 3637 2225 3683 tuus
2253 3629 2464 3698 plagam
2497 3627 2593 3681 tibi
2635 3628 2878 3696 inﬂigere
2917 3625 3280 3690 mortiferam,
3314 3634 3366 3681 et

1794 3719 1963 3772 vitam
1993 3717 2268 3781 adimere,
2317 3725 2371 3771 et
2399 3717 2866 3786 opportunitatem
2903 3725 3122 3774 nactus,
3157 3715 3267 3767 non
3311 3714 3364 3766 in

1797 3811 1956 3864 aliam
1994 3821 2202 3879 partem
2236 3810 2507 3879 corporis,
2549 3824 2712 3879 quam
2747 3808 2800 3862 in
2830 3807 3052 3862 oculum
3107 3806 3367 3860 vulnera-

1794 3910 1911 3955 tum
1946 3902 2156 3972 plagam
2199 3903 2548 3971 impingeret,
2585 3907 2642 3955 ut
2677 3908 2730 3954 te
2761 3900 2898 3965 cito,
2932 3908 2990 3954 ut
3021 3898 3154 3964 dixi,
3192 3907 3367 3952 morte

1798 3993 2068 4059 afﬁceret;
2097 3992 2373 4047 accideret
2401 4000 2608 4056 autem,
2629 4000 2689 4045 ut
2707 3991 2903 4045 oculus
2931 3992 3084 4061 plaga
3117 3998 3362 4060 accepta,

1797 4092 2006 4150 putrem
2044 4083 2327 4136 humorem
2360 4081 2655 4145 emitteret,
2688 4091 2743 4134 tu
2779 4096 2912 4135 vero
2937 4090 2992 4135 et
3017 4081 3202 4136 dolore
3224 4081 3364 4136 libe-

1794 4182 1972 4237 ratus,
1996 4181 2050 4227 et
2081 4173 2226 4227 oculi
2253 4174 2549 4227 sanitatem
2577 4173 2844 4240 integram
2874 4179 3164 4245 assecutus
3187 4187 3360 4236 esses,

1796 4262 2044 4332 nunquid
2075 4272 2336 4332 tanquam
2373 4263 2636 4327 amicum,
2677 4273 2730 4315 et
2757 4264 2893 4315 bene
2929 4261 2996 4315 de
3026 4269 3080 4316 te
3107 4261 3361 4315 meritum

1796 4369 1918 4409 eum
1942 4355 2237 4424 aspiceres,
2253 4354 2348 4424 qui
2369 4354 2662 4422 percussit,
2686 4361 2739 4406 et
2772 4353 2992 4407 intuens
3014 4368 3120 4407 non
3138 4353 3360 4422 quidem

1797 4445 1852 4499 in
1883 4445 2244 4512 voluntatem,
2298 4459 2462 4514 quam
2495 4444 2588 4497 ille
2617 4443 2828 4508 habuit,
2878 4444 2973 4498 sed
3026 4444 3081 4497 in
3124 4444 3176 4497 id
3217 4443 3359 4512 quod

1797 4543 1992 4604 praeter
2019 4536 2363 4589 voluntatem
2415 4534 2565 4588 illius
2618 4533 2856 4597 accidit,
2886 4548 3103 4588 amares
3151 4541 3204 4588 et
3240 4549 3362 4586 mu—

1798 4629 2064 4682 nerares?
2091 4642 2160 4680 an
2195 4641 2323 4681 vero
2353 4624 2638 4679 inimicum
2668 4623 2944 4679 duceres?

1869 4717 1929 4770 B.
1961 4717 2070 4770 lmo
2123 4730 2318 4787 magno
2370 4715 2641 4785 supplicio
2687 4713 2980 4777 adicerem,
3015 4715 3062 4768 si
3120 4729 3360 4784 possem,

136 4818 187 4869 εί
214 4814 428 4884 δύναμιν
457 4810 624 4884 εἶχον,
649 4813 742 4866 καὶ
769 4813 843 4875 ὼς
869 4812 1118 4883 ἔχθιστον
1144 4814 1237 4866 καὶ
1265 4812 1693 4883 δυσμενέστατον

1797 4817 1851 4862 et
1886 4818 2142 4876 tanquam
2175 4807 2614 4862 inimicissimum
2663 4817 2718 4861 et
2765 4807 3000 4859 maxime
3035 4804 3360 4858 malevolum

133 4906 345 4976 ᾕταζον.

206 4996 262 5047 Α.
294 4995 447 5048 Οὕτω
479 4995 571 5047 καὶ
617 4995 744 5062 περὶ
785 4988 861 5046 ὧν
902 4996 1051 5064 ἡμᾶς
1095 4995 1325 5056 ἄκοντας
1364 4995 1413 5047 οἱ
1459 4995 1700 5048 Ἰουδαῖοι

135 5085 490 5153 εὖεργέτησαν
521 5083 754 5136 διανοοῦ.

365 5266 519 5332 Πρὸς
557 5263 848 5318 Ἰουδαῖον
879 5266 909 5316 ό
943 5264 1125 5328 αὐτὸς
1157 5263 1457 5332 διελέχθη.

1796 4899 2120 4953 cruciarent.

1866 4990 1933 5043 A.
1990 4989 2083 5043 Sic
2114 4987 2296 5058 cogita
2327 4986 2394 5042 de
2417 4987 2487 5044 iis
2522 4987 2829 5053 beneﬁciis,
2868 5003 2988 5056 qua:
3020 4986 3179 5042 nobis
3206 4986 3362 5041 inviti

1800 5081 1972 5136 Judaei
2003 5082 2328 5135 attulerunt.

1955 5265 2207 5335 Ejusdem
2238 5263 2498 5319 Theodori
2527 5266 2836 5319 dissertatio
2872 5282 2990 5318 cum
3030 5263 3241 5318 Juda'o.

1484 5361 1746 5421 ('l‘urriano
1777 5360 2098 5424 interprete.)

374 5446 442 5495 Α.
480 5445 512 5494 ό
536 5443 909 5511 Χριστιανός.
943 5447 1010 5496 Β.
1047 5447 1078 5496 d
1111 5444 1420 5509 Ἰουδαῖος.

215 5535 264 5588 Β.
304 5534 439 5602 Ἐγώ
469 5552 567 5598 σοι,
612 5536 796 5604 φησὶν,
836 5536 900 5586 ἐκ
936 5535 1044 5588 τῶν
1085 5535 1314 5604 Γραφῶν
1352 5535 1693 5608 διαλέγομαι,

145 5625 285 5680 οὐδὲν
309 5627 410 5697 γὰρ
435 5627 621 5697 ἓτερον
652 5623 766 5679 οἶδα
799 5627 948 5696 παρὰ
970 5627 1188 5687 ταύτας.

2161 5450 2224 5501 Α.
2274 5446 2632 5500 Christianus.
2663 5445 2728 5498 Β.
2766 5443 3007 5498 Judwus.

1876 5541 1934 5594 Β.
1977 5540 2088 5611 Ego
2116 5583 2129 5606 ,
2174 5540 2355 5609 inquit
2393 5539 2649 5601 Juda'us,
2691 5553 2755 5593 ex
2814 5537 3119 5606 Scripturis
3187 5545 3367 5592 tecum

1803 5635 2058 5701 disputo;
2105 5631 2236 5685 nihil
2273 5632 2418 5687 cnim
2445 5631 2590 5684 aliud
2622 5631 2738 5683 scio
2781 5638 2972 5696 praeter
3012 5629 3129 5683 has.

1422 5725 1653 5780 \'.‘.i{l..-F.
1699 5727 2097 5787 l.l".(l'l‘|0.\i".5.

220 5813 255 5842 ⁵⁷
285 5807 373 5865 vi!“
407 5814 516 5866 καί.
648 5814 690 5844 ³⁵
729 5813 972 5882 ἀδελφόν.
1056 5816 1095 5844 3"
1135 5816 1236 5880 υἱῲ

1398 5821 1443 5848 ω’
1480 5820 1512 5870 ί.
1556 5822 1954 5888 ἀπροαιρέτως.
