4086 6454
149 396 296 461 1533

1566 391 1953 452 OPUSCULA
1965 434 1978 451 .

3277 387 3412 452 1534

150 508 361 581 πατρός
392 524 506 560 σου.
539 506 650 559 Καὶ
680 505 861 568 αὐτὸς,
881 505 977 558 καὶ
1000 505 1059 558 τὸ
1087 506 1306 575 σπέρμα
1337 522 1428 558 σου
1453 505 1734 575 κυριεύσει

1841 506 1972 557 bunt
2006 510 2058 558 te
2085 502 2180 558 lilii
2212 502 2387 571 patris
2419 500 2527 568 tui;
2556 502 2770 572 etipse,
2793 509 2846 556 et
2876 515 3061 556 semen
3095 510 3248 554 tuum
3272 542 3286 564 ,
3312 502 3417 559 do-

151 597 353 652 αύτῶν.
387 618 405 650 1
445 597 569 660 Πῶς
595 592 772 660 εἶπεν,
799 600 861 651 Οἱ
877 596 1133 665 ἀδελφοί
1151 612 1288 660 σου,
1322 595 1736 666 πληθυντικῶς;

151 689 402 756 καίτοιγε
433 690 534 742 οὐκ
577 689 736 759 ἔσχεν
777 689 825 742 εί
874 689 948 761 μὴ
982 689 1079 742 ἕνα
1115 689 1342 758 ἀδελφὸν
1381 689 1470 742 τὸν
1528 689 1698 743 Ἦσαῦ
1721 707 1735 720 ·

151 779 263 835 ποῦ
289 781 344 834 δὲ
368 782 462 836 καὶ
495 781 904 851 προσεκύνησεν
933 782 962 833 6
1005 781 1176 834 Ἠσαῦ
1214 780 1308 852 τῷ·
1343 780 1573 846 Ἰακώϐ;
1611 782 1736 834 τού-

152 871 368 927 ναντίον
420 872 478 926 δὲ
525 873 728 943 μᾶλλον
769 876 798 926 6
863 871 1060 926 Ἰακὼϐ
1100 873 1328 935 ἑπτάκις
1371 873 1464 926 ἐπὶ
1500 875 1597 944 τὴν
1637 875 1740 943 γῆν

153 964 570 1034 προσεκύνησεν
610 963 686 1034 τῷ
729 963 925 1028 Ἡσαῦ,
978 965 1073 1017 καὶ
1120 964 1390 1034 δεσπότην
1437 965 1734 1018 ὲκάλεσενο

133 1055 251 1145 νκαὶ
279 1055 555 1123 δεδοικὼς,
590 1057 683 1109 καὶ
717 1056 936 1126 τρέμων
963 1056 1124 1109 αὐτὸν
1165 1056 1467 1110 διετέλεσεν
1499 1057 1620 1110 ὅλον
1649 1059 1740 1111 τὸν

157 1147 274 1219 βίον
300 1147 486 1202 αὐτοῦ.
518 1147 704 1211 Ἀλλὰ,
736 1148 831 1201 καὶ
867 1147 1003 1218 μετὰ
1025 1147 1264 1202 τοσαῦτα
1293 1148 1386 1218 ἐτη
1415 1147 1740 1215 ἐξελθόντων

155 1240 340 1295 αὐτῶν
392 1239 453 1304 ἐξ
485 1239 788 1308 Αἰγύπτου,
841 1238 1112 1308 ἐδήλωσεν
1159 1239 1404 1307 Μωῦσῆς
1438 1239 1515 1309 τῷ
1538 1239 1739 1310 πρώτῳ

156 1334 254 1387 καὶ
287 1333 507 1403 ἄρχοντι
546 1330 658 1384 τῶν
688 1330 816 1382 υίῶν
856 1330 1025 1383 ’11σαῦ
1049 1370 1063 1392 ,
1099 1331 1181 1383 ὅτι
1233 1350 1251 1382 1
1300 1330 1547 1398 Ἀδελφοὶ
1586 1331 1740 1401 ὑμῶν

155 1425 329 1494 ἐσμεν
353 1439 366 1452 ·
409 1422 687 1493 μηνύσατε
717 1424 849 1493 ἡμῖν
884 1421 1138 1491 διαϐῆναι
1170 1423 1330 1493 μόνον
1379 1423 1470 1476 διὰ
1505 1424 1605 1492 τῆς
1633 1424 1739 1494 γῆς

158 1514 314 1585 ὑμῶν
335 1531 348 1545 ⁶
377 1514 480 1585 ὁδῷ
511 1512 764 1584 βασιλικῇ
794 1513 1182 1583 πορευσόμεθα
1201 1529 1215 1544 °
1247 1514 1347 1567 οὐκ
1381 1515 1738 1584 ἐκκλινοῧμεν
1780 1560 1791 1565 -

153 1605 304 1668 δεξιά
356 1605 448 1657 καὶ
486 1604 751 1674 ἀριστερά
783 1619 797 1635 ο
845 1603 981 1656 ἀλλά
1013 1603 1073 1654 τὸ
1106 1601 1248 1671 ὕδωρ
1294 1603 1393 1655 καὶ
1453 1603 1543 1656 τὸν
1573 1603 1749 1673 ἄρτον.

153 1697 322 1766 τιμῆς
354 1695 724 1765 άγοράσομεν,
765 1694 870 1757 ἓως
916 1693 980 1747 ἂν
1020 1693 1297 1763 διαϐὦμεν
1343 1697 1422 1757 είς
1469 1694 1568 1766 τὴν
1609 1695 1734 1764 γῆν,

155 1787 226 1856 ἣν
247 1787 448 1839 ἔδωκεν
487 1787 618 1857 ἡμῖν
658 1785 686 1837 6
718 1785 872 1846 Θεός.
926 1802 941 1834 1
975 1785 1082 1836 Καὶ
1121 1784 1487 1854 ἁντεδήλωσεν
1527 1786 1732 1850 αὐτοῖς,

155 1847 239 1930 ὅτι
281 1896 298 1928 1
339 1877 472 1946 Οὐχί
495 1847 638 1930 ’Πὲὰν
663 1875 885 1945 διαϐῆτε
917 1876 1004 1928 διὰ
1027 1877 1126 1946 τῆς
1150 1879 1253 1947 γῆς
1290 1847 1414 1946 μου,
1452 1847 1730 1941 ἐξελευσόζ
1769 1847 1810 1900 Β

163 1970 322 2037 μεθα,
356 1969 451 2021 καὶ
475 1967 887 2037 ἀποκτενοῦμεν
927 1969 1092 2037 ὑμᾶς.
1132 1986 1149 2018 1
1183 1969 1288 2031 Καῖ
1323 1969 1421 2021 οὐκ
1447 1969 1741 2039 ἀνέτρεψεν

155 2059 316 2113 τοῦτο
357 2063 384 2114 6
427 2061 582 2126 Θεὸς,
626 2061 761 2114 άλλά
806 2060 900 2114 καὶ
951 2061 1150 2130 μᾶλλον
1201 2061 1598 2130 ὑπεκύρωσεν,
1647 2062 1741 2114 καὶ

157 2153 492 2224 ἀντέσχυρεν
513 2153 711 2221 λέγων,
740 2153 820 2206 ὅτι
860 2173 876 2204 1
910 2153 1019 2224 Τὴν
1050 2155 1153 2222 γῆν
1182 2155 1406 2224 ταύτην,
1440 2156 1507 2226 ἣν
1535 2155 1741 2208 δέδωκα

156 2243 235 2314 τῷ
276 2244 473 2309 Ἠσαῦ,
513 2243 590 2315 μὴ
634 2244 975 2316 πλησιάσητε
1010 2245 1223 2310 αὐτοῖς,
1265 2265 1282 2296 1
1339 2247 1432 2298 καὶ
1472 2247 1540 2299 τὰ
1592 2245 1737 2316 ἑξῆς.

159 2335 270 2389 Ποῦ
295 2333 387 2389 οὖν
419 2335 738 2407 ἐπλήρωσεν
775 2337 803 2389 6
835 2335 965 2400 Θεὸς
999 2336 1078 2406 τῷ
1123 2336 1342 2401 Ἰακὼϐ,
1376 2337 1411 2392 ἃ
1437 2333 1591 2390 εἶπεν
1611 2380 1624 2402 ,
1660 2341 1740 2392 ὅτι

167 2448 184 2479 1
223 2429 668 2500 Προσκυνήσουσί
710 2444 790 2509 σοι
836 2429 943 2482 υἱοὶ
989 2427 1084 2486 τού
1133 2429 1337 2499 πατρός
1389 2447 1519 2496 σου,
1567 2429 1660 2483 xui.
1693 2430 1739 2484 οί

161 2518 378 2586 ἀδελφοί
421 2535 536 2584 σου,
571 2520 666 2571 καὶ
707 2521 769 2571 σὺ
792 2559 806 2581 ,
843 2519 937 2572 καὶ
979 2519 1039 2572 τὸ
1075 2521 1296 2591 σπέρμα
1324 2537 1418 2572 σου
1459 2519 1739 2590 κυριεύσει

161 2609 360 2686 αύταῶν,
403 2627 421 2661 1
471 2609 566 2662 καὶ
608 2609 678 2662 τὰ
721 2609 980 2678 τοιαύτας
1025 2612 1209 2682 Ὁρᾷς,
1258 2606 1303 2664 ὦ
1363 2613 1610 2677 Ἰουδαίε,
1661 2614 1742 2666 ὅτι

162 2701 439 2771 πανταχοῦ
473 2700 563 2753 τὸν
606 2700 739 2754 Θεὸν
787 2701 1030 2772 ψεύστην
1068 2705 1241 2765 ποιεῖς
1287 2702 1372 2756 διὰ
1423 2705 1521 2772 τῆς
1565 2704 1743 2774 κακῆς

161 2789 456 2860 ἑρμηνείας
493 2807 585 2841 σου
641 2789 739 2841 καὶ
776 2788 1105 2853 ἀσυνεσίαςς
1147 2789 1281 2858 Οὐχὶ
1325 2788 1382 2842 δὲ
1429 2788 1506 2858 τῷ
1543 2787 1742 2842 Ἰακὼϐ

162 2883 348 2949 φανεὶς
384 2881 411 2932 ό
450 2878 603 2945 Θεὸς,
651 2880 816 2950 ἡνίκα
860 2879 1159 2933 ἐπάλαισεν
1205 2879 1323 2950 μετ’
1356 2879 1546 2941 αὐτοῦ,
1590 2875 1742 2933 εἷπεν

162 2966 429 3036 αὖτῷ,ὅτι
471 2987 489 3018 1
522 2967 655 3020 Ἀπὸ
679 2967 773 3019 τοῦ
791 2967 891 3020 νῦν
923 2969 1106 3021 οὐκέτι
1129 2968 1462 3039 κληθήσεται
1485 2969 1543 3021 τὸ
1572 2969 1743 3036 ὄνομά

1843 595 2143 648 minaberis
2171 595 2254 649 eis
2275 602 2314 646 °.
2360 612 2379 645 1
2410 593 2697 658 Quomodo
2750 593 2926 656 dixit,
2961 593 3158 661 fratres
3190 595 3289 656 tui,
3317 612 3422 650 1111-

1843 702 1997 741 mero
2061 687 2326 757 plurium,
2387 700 2512 738 cum
2571 699 2680 738 non
2733 684 3016 748 habuerit,
3082 684 3188 740 nisi
3250 702 3421 740 unum

1841 777 2070 832 fratrem
2133 776 2328 832 Esau?
2389 776 2482 831 ubi
2549 785 2737 830 autem
2798 777 3042 831 adoravit
3092 777 3210 846 ipse
3276 776 3422 832 Esau

1840 866 2049 922 Jacob?
2082 868 2192 922 imo
2237 875 2430 922 contra
2467 866 2649 936 potius
2681 866 2888 935 septies
2919 866 3036 936 ipse
3068 865 3235 922 Iacob
3270 868 3422 922 humi

1843 968 2049 1016 stratus
2105 961 2357 1020 adoravit
2415 959 2585 1022 Esau,
2653 967 2707 1013 et
2757 959 3041 1012 dominum
3096 974 3222 1013 eum
3258 975 3422 1014 voca—

1841 1052 1922 1104 vit
1962 1062 2021 1118 P;
2058 1059 2113 1107 et
2148 1051 2409 1106 universo
2444 1051 2565 1104 vitae
2619 1065 2733 1104 suae
2783 1059 3030 1119 tempore
3062 1065 3184 1104 eum
3217 1049 3420 1103 timuit.

1840 1144 1908 1200 Et
1931 1160 2039 1198 non
2077 1144 2254 1200 solum
2293 1143 2428 1205 haec,
2488 1143 2582 1196 sed
2617 1150 2739 1210 post
2790 1150 2869 1195 tot
2924 1155 3099 1194 annos
3153 1149 3275 1210 post
3309 1142 3426 1195 exi-

1841 1245 1954 1290 tum
2011 1235 2363 1292 IIebraeorum
2418 1249 2483 1289 ex
2515 1232 2772 1303 Aﬂgypto,
2823 1240 3010 1300 aperte
3047 1231 3424 1302 dixitMoyses

1841 1330 2075 1399 principi
2135 1327 2371 1382 ﬁliorum
2433 1325 2574 1380 Esau
2612 1347 2624 1380 :
2669 1344 2686 1375 1
2731 1322 2956 1379 Fratre§
2987 1325 3153 1379 vestri
3205 1339 3419 1386 sumus,

1841 1419 2149 1488 signiﬁcate
2223 1417 2430 1480 nobis,
2508 1425 2568 1469 ut
2649 1424 3001 1468 transeamus
3068 1429 3163 1481 per
3220 1424 3421 1468 terram

1839 1518 2103 1572 vestram,
2161 1509 2249 1562 via
2284 1509 2432 1578 regia
2469 1507 2821 1576 gradiemur;
2858 1521 2970 1559 non
3024 1505 3424 1559 declinabimus

1839 1617 1941 1656 nec
1969 1601 2037 1654 ad
2063 1601 2335 1664 dextram,
2387 1614 2487 1653 nec
2540 1599 2607 1652 ad
2643 1597 2955 1663 sinistram;
2991 1597 3086 1653 sed
3135 1611 3330 1666 panem
3370 1606 3424 1649 et

1838 1709 2038 1765 aquam
2067 1695 2241 1760 pretio
2257 1707 2527 1756 ememus,
2563 1691 2742 1744 donec
2781 1689 3171 1759 perveniamus
3204 1689 3258 1743 in
3312 1699 3424 1742 ter-

1837 1804 1960 1842 ram
1990 1802 2152 1858 quam
2180 1785 2330 1841 dedit
2361 1785 2525 1839 nobis
2554 1782 2700 1838 Deus
2729 1792 2790 1847 tt;
2829 1800 2846 1832 1
2879 1789 2933 1836 et
2962 1789 3155 1837 contra
3211 1781 3424 1850 signiﬁ-

1843 1861 2125 1934 cavit'eis
2184 1878 2330 1933 clare
2382 1877 2687 1944 inquiens:
2744 1893 2763 1926 1
2797 1873 3038 1938 Minime,
3101 1873 3187 1928 sin
3243 1880 3422 1927 autem

1845 1970 2203 2033 transieritis,
2253 1984 2317 2023 ex
2371 1977 2514 2023 terra
2548 1982 2666 2021 mea
2699 1966 3070 2035 egrediemur,
3105 1974 3162 2019 et
3206 1963 3424 2019 occide-

1845 2080 1966 2117 mus
1997 2077 2096 2116 vos
2129 2071 2177 2115 τ.
2222 2079 2240 2110 1
2281 2060 2342 2113 Et
2374 2074 2482 2112 non
2523 2057 2746 2130 invertit
2777 2057 2881 2111 hoc
2915 2055 3082 2121 Deus,
3114 2055 3210 2111 sed
3242 2056 3424 2126 potius

1843 2153 2192 2209 conﬁrmavit
2231 2161 2284 2204 et
2313 2150 2597 2204 roboravit
2631 2147 2776 2203 Deus
2807 2146 3065 2216 inquiens
3095 2163 3107 2199 :
3138 2165 3156 2197 1
3195 2145 3421 2201 Terram
3443 2165 3458 2183 ι

1843 2246 1984 2299 hanc
2013 2242 2136 2297 dedi
2170 2241 2336 2302 Esau,
2370 2255 2438 2294 ne
2465 2239 2921 2309 appropinquetis
2946 2238 2994 2293 ei
3022 2249 3069 2304 ³,
3119 2257 3138 2290 1
3191 2245 3246 2292 et
3303 2253 3426 2308 quae

1844 2345 2175 2406 sequuntur.
2237 2331 2343 2387 Ubi
2393 2332 2560 2401 igitur
2606 2331 2853 2401 implevit
2887 2329 3028 2385 Deus
3056 2346 3178 2400 qua!
3214 2330 3428 2385 dixerat

1846 2425 1947 2494 ipsi
1977 2422 2152 2478 Jacol)
2181 2440 2193 2475 :
2232 2441 2251 2474 1
2283 2422 2405 2476 Filii
2443 2422 2616 2491 patris
2648 2421 2724 2475 tui
2779 2420 3092 2476 adorabunt
3123 2429 3208 2486 te;
3241 2428 3296 2474 et
3326 2429 3382 2475 tu
3407 2461 3423 2486 ,

1844 2525 1898 2572 et
1926 2532 2110 2572 semen
2165 2525 2318 2570 tuum
2369 2515 2739 2570 dominaberis
2767 2515 2883 2580 eis;
2919 2534 2938 2567 1
2981 2525 3038 2569 οι
3084 2516 3190 2569 alia
3242 2517 3426 2587 hujus-

1846 2607 2036 2680 rnodi?
2086 2606 2273 2671 Vides,
2300 2605 2509 2669 Iudae,
2547 2606 2695 2676 quod
2730 2607 2936 2677 ubique
2971 2606 3165 2670 Deum,
3206 2619 3428 2678 propter

1843 2713 2071 2770 pravam
2112 2699 2623 2769 interpretationem
2684 2707 2738 2752 et
2787 2699 3206 2769 intelligentiam
3273 2699 3426 2753 Scri-

1838 2800 2027 2862 pturaa,
2062 2791 2382 2847 mendacem
2423 2791 2600 2846 facis?
2630 2789 2821 2845 Nonne
2848 2806 2973 2845 cum
3001 2791 3141 2845 Deus
3173 2794 3425 2861 apparuit

1843 2883 2013 2938 Jacob
2035 2891 2090 2938 et
2119 2899 2244 2938 cum
2269 2897 2335 2938 eo
2373 2884 2713 2946 luctabatur,
2748 2878 2890 2936 dixit
2921 2901 2932 2935 :
2972 2902 2990 2934 1
3026 2880 3143 2936 Iam
3167 2883 3428 2953 deinceps

1779 3029 1796 3046 J
1847 2990 1953 3029 non
1986 2976 2224 3046 amplius
2273 2976 2558 3030 vocabitur
2610 2991 2808 3048 nomen
2870 2982 3024 3029 tuum
3073 2975 3264 3041 Iacob,
3327 2977 3423 3032 sed

161 3073 254 3110 σου
303 3056 520 3119 Ἰακὼϐ,
568 3058 705 3111 ἀλλὰ
767 3060 1017 3129 Ἰσραήλ;
1083 3079 1100 3109 1
1143 3060 1240 3112 καὶ
1285 3060 1549 3129 μυριάκις
1599 3061 1740 3130 μετὰ

1847 3062 2012 3120 Israel
2043 3064 2093 3116 t?
2133 3082 2150 3115 1
2192 3072 2245 3119 et
2278 3071 2458 3116 tamen
2501 3062 2703 3117 millies
2735 3071 2789 3117 et
2821 3062 2987 3129 Deus,
3023 3072 3078 3118 et
3112 3064 3421 3134 Scriptura,

161 3147 332 3202 ταῦτα
369 3151 464 3203 καὶ
490 3151 518 3201 6
557 3149 714 3213 Θεὸς,
752 3150 844 3202 καὶ
885 3152 917 3220 ἡ
967 3151 1184 3221 Γραφὴ,
1219 3153 1315 3202 xui.
1353 3152 1515 3213 αὐτὸς
1548 3152 1742 3205 ἑαυτὸν

174 3240 386 3293 Ἰακὼϐ.
406 3241 686 3295 ἐκάλεσεν.
717 3242 782 3293 Τί
814 3237 907 3294 οὖν
941 3241 1002 3294 ού
1029 3241 1498 3309 διαπεπτώκασιν,
1532 3243 1625 3295 καὶ
1656 3241 1744 3295 οὖ-

159 3347 267 3394 τως
305 3333 442 3384 εἰσὶν
475 3332 793 3386 ἀϐἐϐαιοιοί
819 3332 968 3400 λόγοι
1003 3330 1098 3385 τὀὖ
1130 3331 1302 3394 Θεούς

232 3422 292 3475 Β.
338 3421 478 3474 Ἀλλ’
509 3421 641 3489 ἐγὼ,
669 3422 868 3491 φησὶν,
898 3421 1015 3492 εἰμὶ
1041 3425 1070 3475 6
1099 3422 1209 3485 υἱὸς
1235 3422 1330 3475 τοῦ
1375 3422 1614 3494 Ἰσραὴλ,
1651 3424 1745 3477 καὶ

158 3514 283 3583 ἐμοὶ
317 3514 372 3565 αἱ
402 3513 749 3581 ἐπαγγελίαι.

231 3604 296 3657 Α.
331 3605 496 3674 Οὐχί·
549 3603 664 3657 ἀλλ’
692 3604 804 3672 ἐγώ
848 3606 963 3668 εἰμι
1016 3606 1044 3657 6
1082 3605 1177 3658 τοῦ
1229 3603 1447 3676 Ἰσραὴλ
1478 3605 1610 3668 υίός.
1656 3606 1743 3657 Ἐν

157 3695 267 3748 τίνι
297 3695 406 3765 γὰρ
439 3696 530 3748 ἐπὶ
561 3695 638 3765 τῷ
684 3695 900 3766 Ἰσραὴλ
927 3697 1306 3767 ὲγκαυχᾶσαις
1340 3697 1421 3750 ὅτι
1450 3697 1549 3769 τὴν
1581 3697 1744 3769 τρίχα

160 3786 322 3856 ἔσχεν
375 3786 571 3857 οὔλην,
631 3787 665 3858 ἢ
723 3786 787 3840 τὸ
850 3787 1012 3858 σῶμα
1082 3788 1337 3859 μέγιστος
1402 3789 1553 3860 παρά
1618 3791 1744 3853 τοὺς

160 3878 356 3940 ἄλλους
396 3873 486 3948 ἦν,
533 3879 566 3949 ἢ
611 3878 940 3947 κράτιστος,
983 3878 1016 3950 ἢ
1064 3878 1529 3951 παρηλλαγμένην
1579 3879 1740 3950 ἔσχεν

170 3972 388 4039 μορφήν
414 3987 427 4035 ;

235 4059 294 4112 Β.
325 4059 457 4129 Ούχί
481 4075 496 4090 ·
529 4058 646 4112 ἀλ)’
671 4059 754 4112 ὃτι
779 4059 1038 4129 θεοσεϐὴς
1068 4054 1158 4131 ἦν.

234 4151 296 4203 Δ.
326 4152 437 4214 Πᾶς
453 4147 546 4203 οὖν
558 4150 834 4222 θεοσεϐὴς,
855 4152 950 4206 καὶ
973 4153 1231 4223 θεοφιλὴς
1255 4153 1323 4220 δ’,
1356 4155 1482 4220 τοὺς
1508 4155 1745 4227 τρόπους

172 4243 389 4314 Ἰσραὴλ
405 4243 575 4298 σέϐων
602 4244 697 4298 καὶ
754 4244 1005 4312 ἀγαπῶν,
1037 4245 1201 4313 λέγω,
1229 4247 1312 4301 ὅτι
1341 4248 1468 4312 Υἱός
1504 4251 1621 4319 εἰμι
1647 4249 1743 4302 τοῦ

173 4336 391 4406 Ἰσραὴλ
422 4335 838 4406 ἐξομοιούμενος
862 4337 1150 4406 αύτῷζτοϊς
1181 4340 1408 4411 τρόποις
1435 4341 1531 4394 καὶ
1554 4345 1620 4413 τῇ
1653 4342 1745 4395 πί-

1846 3166 1900 3212 et
1930 3157 2160 3228 ipsemet
2192 3172 2251 3212 se
2283 3156 2457 3224 ipsum
2490 3157 2792 3210 nominavit
2823 3155 3016 3211 Iacob.
3048 3157 3188 3224 Quid
3222 3159 3424 3228 igitur?

1847 3264 2028 3303 annon
2060 3248 2416 3311 deciderunt,
2455 3257 2617 3316 atque
2656 3249 2726 3301 ita
2784 3248 2988 3301 inﬁrmi
3047 3259 3099 3304 et
3137 3249 3425 3304 instabiles

1848 3339 1978 3394 facti
2009 3346 2139 3393 sunt
2168 3353 2455 3394 sermones
2493 3338 2623 3392 Dei?

1916 3518 1978 3572 Β.
2004 3519 2071 3572 At
2098 3531 2219 3587 ego,
2256 3515 2460 3586 inquit,
2493 3529 2613 3568 sum
2651 3512 2791 3567 ﬁlius
2829 3509 3028 3579 Israel;
3058 3521 3112 3567 et
3137 3513 3267 3566 1111111
3301 3527 3428 3584 pro-

1846 3610 2141 3666 missiones
2174 3608 2332 3662 facta;
2355 3615 2507 3662 sunt.

1917 3705 1982 3758 A.
2034 3701 2287 3765 Minime;
2319 3701 2430 3766 imo
2459 3713 2558 3769 ego
2590 3713 2710 3752 sum
2746 3699 2893 3755 ﬁlius
2918 3697 3110 3754 Israel.
3137 3697 3256 3764 Qua
3283 3698 3429 3752 enim

1846 3809 1907 3850 re
1943 3794 2010 3848 de
2036 3793 2203 3847 Israel
2235 3799 2292 3843 tu
2330 3789 2627 3859 gloriaris?
2667 3789 2814 3858 quod
2850 3787 2953 3842 fuit
2983 3787 3188 3856 capillo
3219 3785 3430 3858 crispo,

1844 3885 1930 3940 vel
1955 3883 2193 3937 maximo
2217 3894 2449 3949 corpore
2466 3893 2579 3948 prae
2596 3879 2742 3945 aliis,
2769 3879 2850 3932 vel
2877 3878 3322 3943 robustissimus,
3347 3877 3434 3933 vel

1845 3959 2107 4033 dissimili
2133 3973 2344 4028 forma?

1917 4068 1978 4122 Β.
2022 4067 2285 4130 Minime;
2331 4064 2425 4119 sed
2467 4063 2596 4134 quia
2638 4071 2756 4116 erat
2799 4061 2923 4131 pius
2961 4061 3017 4115 in
3061 4059 3255 4114 Deum.

1915 4161 1980 4212 A.
2015 4157 2211 4213 Omnis
2251 4158 2419 4228 igitur
2452 4155 2634 4209 cultor
2682 4154 2795 4218 Dei,
2847 4163 2902 4207 et
2952 4152 3062 4207 Deo
3093 4149 3316 4220 cliarus,
3348 4163 3433 4206 est

1844 4249 2014 4306 Israel
2049 4256 2102 4304 et
2137 4249 2286 4302 ﬁlius
2317 4246 2571 4301 Abrahae.
2605 4244 2749 4310 Quid
2771 4243 3206 4313 igitur‘miraris,
3233 4243 3304 4305 si,
3335 4244 3430 4312 qui

1846 4341 2018 4397 Deum
2056 4340 2227 4395 Israel
2257 4340 2383 4392 colo
2438 4346 2492 4391 et
2531 4337 2722 4407 dilige,
2769 4337 2898 4390 dico
2945 4351 3032 4390 me
3081 4349 3203 4390 esse
3255 4333 3428 4388 ﬁlium

164 4439 304 4480 στει.
323 4425 534 4494 Ὠσπερ
552 4427 663 4498 γὰρ
686 4427 741 4479 ut
766 4426 1007 4495 εὐλογίαι
1026 4423 1167 4498 ἦσαν
1183 4429 1275 4482 τοῦ
1295 4430 1464 4484 Ἡσαῦ
1479 4430 1573 4484 τοῦ
1592 4449 1743 4503 πρω-

1846 4432 2032 4498 Israel,
2065 4431 2111 4486 si
2147 4429 2394 4485 moribus
2450 4437 2504 4482 et
2533 4428 2636 4482 Iide
2665 4425 3086 4504 sirujlitudinem
3110 4426 3231 4494 ejus
3250 4424 3430 4493 expri-

161 4515 424 4580 τοτόκου,
479 4515 650 4570 ἐλθὼν
697 4517 754 4570 δὲ
819 4517 1035 4584 Ἰακὼϐ,
1096 4523 1191 4574 καὶ
1238 4521 1408 4576 εἰπὼν
1451 4523 1530 4591 τῷ
1578 4525 1743 4594 πατρὶ

1848 4524 1984 4577 mo?
2017 4521 2175 4576 Sicut
2224 4519 2643 4574 benedictiones
2691 4516 2836 4570 Esau
2870 4515 3090 4584 quidem
3150 4514 3432 4583 primoge-

164 4607 361 4662 αὺτοῦ·
411 4628 428 4660 1
470 4610 611 4678 Ἐγώ
669 4612 785 4679 είμι
831 4612 1045 4677 Ἠσαῦ,
1092 4632 1110 4664 1
1157 4613 1232 4685 μὴ
1269 4613 1344 4667 ὣν
1401 4613 1608 4680 Ἠσαῦ,
1651 4617 1743 4678 τὰς

1850 4613 1951 4666 niti
1988 4620 2167 4677 erant,
2201 4611 2299 4665 sed
2329 4624 2452 4664 cum
2473 4611 2719 4662 venisset
2743 4606 2912 4661 Iacob
2941 4614 2998 4661 et
3024 4605 3256 4660 dixisset
3286 4605 3429 4673 patri

164 4697 417 4763 εὐλογίας
461 4698 670 4763 ἔλαϐεν,
716 4701 811 4753 καὶ
839 4702 899 4754 ού
950 4701 1280 4775 μετέτρεψεν
1334 4705 1505 4768 αὑτὰς
1551 4706 1743 4758 Ἰακὼϐ

1851 4715 1972 4765 Suo,
2010 4719 2029 4752 1
2064 4697 2176 4770 Ego
2203 4713 2322 4752 sum
2358 4696 2499 4749 Esau
2534 4708 2579 4759 ιι,
2631 4715 2649 4747 1
2687 4710 2810 4750 cum
2853 4709 2962 4748 non
3000 4701 3171 4756 esset,
3199 4692 3431 4747 benedi-

165 4784 289 4837 οὐδὲ
331 4786 467 4853 μετά
488 4786 551 4838 τὸ
599 4787 793 4856 νοῆσαι
848 4790 946 4858 τὴν
984 4790 1202 4861 ἀπάτην
1228 4807 1243 4823 ·
1273 4790 1416 4846 οὖτω
1460 4792 1616 4860 κάγώ
1671 4811 1743 4846 σοι

1850 4793 2062 4848 ctiones
2084 4793 2226 4854 tulit,
2260 4797 2437 4845 etnon
2464 4788 2632 4859 389
2664 4787 2897 4841 mutavit
2925 4801 3019 4840 eas
3051 4786 3227 4848 Isaac,
3257 4798 3431 4852 neque

165 4876 433 4944 λαμϐάνω
472 4878 572 4940 τὰς
590 4880 928 4948 ἐπαγγελίας
968 4882 1166 4951 λέγων,
1201 4884 1316 4948 υίὸς
1355 4886 1626 4956 ὑπάρχειν
1652 4887 1743 4940 τοῦ

1858 4897 2150 4958 postquam
2181 4887 2408 4956 agnovit
2440 4878 2714 4939 fallaciam
2740 4901 2750 4934 :
2778 4883 2858 4938 sic
2887 4897 2988 4952 ego
3021 4880 3431 4935 benedictiones

183 4967 421 5038 Ἰσραήλ·
1859 4993 1984 5034 tuas
2018 4981 2248 5050 accipio,
2276 4993 2400 5033 cum
2436 4993 2522 5031 me
2559 4977 2685 5032 dico
2713 4990 2833 5030 esse
2864 4974 3032 5028 ﬁlium
3066 4972 3253 5027 Israel.

1754 5070 1844 5125 XI.

175 5153 478 5222 Θεοδώρου
539 5156 646 5210 τοῦ
702 5157 1051 5226 Ἀϐουκαρᾶ,
1100 5159 1250 5227 πρὸς
1317 5161 1742 5231 Νεστοριανόν.

1859 5163 2120 5219 Theodori
2176 5163 2440 5215 Abucam:
2496 5159 2954 5228 Dialoguscontra
3021 5154 3427 5210 Nestorianum.

1402 5257 1692 5316 (Franciseo
1717 5259 1958 5309 Turriano
1992 5257 2315 5320 interprete.)

2171 5341 2233 5394 A.
2268 5339 2598 5394 Catholicus.
2650 5336 2713 5391 Β.
2755 5336 3124 5391 Nestorianus.

1923 5435 1988 5491 A.
2025 5433 2160 5501 Quis
2191 5432 2365 5487 dixit:
2403 5449 2421 5481 1
2462 5429 2595 5484 Data
2650 5437 2734 5484 est
2768 5428 2900 5482 milii
2958 5429 3136 5482 omnis
3189 5433 3429 5496 potestas

2510 5575 2527 5596 '
2549 5566 2858 5629 ibid.25,50.
2879 5565 2898 5589 ⁸
2927 5562 3203 5633 Deut.n,5.
3238 5561 3256 5598 ⁸
3285 5560 3420 5615 Gen.

412 5338 451 5385 Α
494 5336 525 5385 o'
566 5334 940 5401 Ὀρθόδοξος,
977 5339 1468 5405 ΒΝεστοραινός.

247 5426 312 5478 Δ.
349 5425 443 5487 Τίς
478 5421 669 5477 εἶπεν·
710 5446 727 5477 1
786 5427 973 5496 Ἐδόθη
1009 5447 1098 5498 μοι
1133 5433 1282 5483 πᾶσα
1316 5430 1535 5494 ἐξουσία
1571 5435 1628 5487 ἐν
1662 5436 1752 5488 ού-

260 5563 287 5595 ο
317 5560 454 5637 ϐειρέ
485 5562 767 5637 axvn,_‘29.
853 5575 878 5612 ρ
901 5564 1036 5620 Gen.
1067 5582 1263 5637 χχχιιι,
1294 5568 1346 5621 5.
1419 5578 1443 5616 τι
1475 5566 1637 5624 Num.
1677 5587 1741 5624 xx

1840 5569 1926 5637 Ii;
1962 5569 2118 5627 Deut.
2148 5585 2204 5634 ιι,
2230 5568 2425 5624 27-29.

183 5648 357 5694 xxx“,
388 5633 479 5685 28.
593 5640 617 5668 υ
652 5634 790 5685 Con.
816 5649 993 5697 xxvii,
1026 5636 1109 5690 I9.

1461 5729 1689 5783 VARIJ“.
1726 5729 2124 5787 LEC'I'IONES.

218 5796 258 5822 δ’
293 5794 422 5849 Cod.
463 5795 654 5847 Bavar.
693 5795 963 5867 Inutilus._
