4086 6454
110 421 129 484 1
141 425 241 486 337

1504 416 1911 477 OPUSCUL.\.

3210 427 3342 490 1538

104 537 194 590 καὶ
233 533 312 604 τῷ
355 529 642 601 Ἀγαρηνῷ
689 529 1054 584 ὑποδεικνύων
1105 527 1280 596 ἔλεγε,
1327 527 1405 580 ὅτι
1457 527 1484 579 ὁ
1537 527 1654 591 Θεὸς

1772 528 1914 582 sicut
1977 538 2164 584 contra
2224 530 2503 602 Agarenos
2552 533 2952 591 demonstravit
3009 537 3153 605 quod
3201 537 3342 594 Deus

103 629 128 679 ἱ
153 628 497 774 {affui-am
518 716 768 788 ἠρώτησε
789 713 881 767 τὸν
906 713 1264 784 Νεστοριανὸν
1297 714 1326 764 ὸ
1342 711 1668 782 Ὁρθόδοξος·

1772 619 1995 672 baberct
2047 620 2266 676 Filium.

1839 705 2054 761 Rursus
2115 709 2472 779 interrogavit
2541 711 2924 767 Nestorianum
2975 715 3336 772 Catholicus:

110 814 168 863 '0
184 812 440 882 Χριστὸς,
456 811 575 881 ἦτοι
592 811 621 862 ὁ
643 808 952 878 ἄνθρωπος,
970 807 1026 858 ἐν
1046 809 1111 876 τῇ
1131 805 1311 875 κοιλίᾳ
1325 803 1425 873 τῆς
1447 804 1654 874 Μητρὸς

1765 796 2039 860 Christus,
2066 800 2118 853 id
2153 811 2257 863 est,
2283 801 2448 855 homo
2479 802 2532 856 in
2557 812 2744 859 ventre
2778 805 2967 862 Matris
2995 823 3105 861 suzc
3133 823 3340 878 Cogno-

97 903 261 956 αὑτοῦ
295 905 560 974 ἐγνώρισε
587 902 681 955 τὸν
714 899 846 953 Θεὸν
885 899 1088 966 Λόγον;

167 997 228 1047 Β.
279 995 438 1065 ()ὺχί.
492 995 628 1047 Τότε
683 995 732 1045 ot
799 992 1046 1052 συνόντες
1092 989 1240 1058 αὐτῷ
1292 987 1665 1059 Νεστοριανοὶ,

1765 890 1842 943 vit
1879 888 2046 943 Deum
2087 890 2362 946 Verbum?

1839 981 1897 1032 Β.
1936 979 2308 1064 Nequaquam.
2369 983 2522 1039 Tunc
2580 984 2913 1052 Nestoriani,
2962 989 3054 1057 qui
3086 989 3335 1053 aderant,

99 1089 420 1158 βλάσφημον
476 1085 821 1156 ἡγησάμενοι
867 1082 928 1134 τὸ
992 1081 1166 1152 ῥῆμα,
1214 1080 1557 1150 ἐπετίμησαν
1591 1079 1654 1148 τᾷ

1764 1071 2016 1125 arbitrati
2049 1073 2443 1142 blasphemiam
2472 1091 2613 1139 esse,
2655 1077 2802 1146 quod
2841 1093 3160 1147 responsum
3196 1087 3336 1141 erat,

94 1175 195 1243 τῆς
255 1175 516 1243 αἱρέσεως
569 1171 747 1225 αὐτῶν
806 1167 1234 1238 ὑπερασπίζοντι
1294 1165 1507 1235 ἐξάρχω
1539 1168 1662 1218 ἐπι-

95 1265 265 1335 στίχῳ
315 1264 470 1327 τάξιν
520 1262 790 1332 ἐπέχοντι,
822 1259 918 1313 καὶ
941 1259 1257 1327 ἀπέστησαν
1291 1257 1384 1309 ἀπ’
1408 1256 1591 1309 αὑτοῦ.

1771 1163 2238 1231 reprehenderunt
2269 1165 2441 1229 illum,
2479 1169 2570 1236 qui
2606 1167 2857 1224 haeresim
2896 1167 3127 1222 Nestorii
3151 1167 3347 1223 delen-

1772 1254 1968 1320 debat;
1999 1263 2052 1310 et
2079 1256 2450 1312 discesserunt
2482 1260 2550 1313 ab
2583 1275 2668 1314 eo.

1603 1428 1606 1431 -
1648 1387 1792 1442 XIV.

284 1488 509 1552 Ἄλλος
549 1484 829 1552 διάλογος
855 1482 1005 1550 πρὸς
1041 1483 1466 1548 Νεστοριανόν.

2167 1480 2425 1552 Dialogus
2460 1499 2579 1536 cum
2612 1481 2960 1542 Nestoriano.

1244 1595 1529 1658 (Francisco
1550 1595 1789 1645 Turriano
1813 1596 2132 1658 interprete.)

78 1772 82 1777 π
164 1712 223 1762 Β.
258 1709 356 1761 Διὰ
386 1708 438 1760 τί
485 1709 778 1762 Θεοτόκον
807 1705 904 1774 τὴν
953 1705 1175 1775 Μαρίαν
1215 1703 1532 1774 ὀνομάζετε,
1569 1704 1664 1756 καὶ

90 1801 212 1870 οὐχ).
246 1800 443 1870 μᾶλλον
471 1798 906 1867 Χριστοτόκον;
929 1794 1207 1859 ἀπόδειξον
1237 1796 1301 1847 ἐκ
1326 1795 1423 1864 τῆς
1442 1793 1663 1865 Γραφῆς

89 1891 189 1961 τὴν
225 1891 515 1944 Θεοτόκου
549 1889 750 1957 φωνήν.

162 1983 226 2036 Α.
271 1979 575 2045 Ἀπόδειξον
602 1978 658 2032 δέ
691 1995 781 2048 μοι
819 1977 882 2030 σὺ
914 1976 1034 2046 τὴν,
1066 1975 1462 2043 Χριστοτόκος
1494 2012 1508 2027 .

1832 1703 1892 1756 Β.
1925 1701 2105 1768 Quare
2152 1703 2375 1757 Mariam
2446 1707 2733 1758 Theotocon
2782 1707 3100 1771 nominatis,
3135 1716 3190 1763 et
3221 1724 3328 1763 non

1761 1796 1942 1864 potius
1997 1794 2410 1852 Christotocon?
2438 1797 2749 1853 demonstra
2805 1815 2872 1853 ex
2917 1801 3214 1870 Scripturis
3240 1816 3331 1856 vo-

1760 1898 1879 1939 cem
1906 1885 2220 1939 Theotocos.

1829 1977 1897 2031 Α.
1935 1976 2257 2031 Demonstra
2281 1987 2337 2032 tu
2375 1978 2506 2032 mihi
2529 1993 2716 2033 vocem
2749 1978 3128 2034 Chrislotocos.

162 2075 220 2126 Β.
254 2073 383 2125 Nai’
424 2072 516 2125 τοῦ
561 2071 670 2140 γὰρ
709 2069 884 2139 Ἰησοῦ
918 2067 1155 2139 Χριστοῦ
1185 2070 1218 2138 ἡ
1267 2067 1521 2137 γέννησις
1558 2065 1653 2118 οῦο

1830 2068 1893 2122 Β.
1918 2065 2109 2122 Nonne
2138 2066 2264 2122 Jesu
2293 2069 2496 2123 Christi
2529 2071 2814 2138 generatio
2845 2071 2925 2124 sic
2958 2072 3114 2125 erat?
3143 2090 3162 2124 ‹
3191 2071 3326 2126 Cum

89 2184 200 2228 τως
223 2161 309 2236 ἦν·
350 2184 366 2216 ι
411 2163 858 2234 Μνηστευθείσης
880 2162 985 2230 γὰρ
1009 2161 1107 2230 τῆς
1154 2158 1374 2228 Μητρὸς
1403 2156 1590 2220 αὐτοῦ,
1629 2175 1648 2208 ι

89 2257 187 2310 καὶ
253 2258 320 2308 τὰ
388 2254 533 2325 ἑξῆς.
604 2252 815 2306 Οὐκοῦν
882 2255 913 2320 ἡ
975 2251 1065 2303 τὸν
1145 2249 1355 2319 Ἰησοῦν
1426 2248 1657 2318 Χριστὸν

88 2349 430 2419 γεννήσασα,
492 2346 672 2415 δῆλον,
739 2345 821 2396 ὅτι
890 2343 1286 2410 Χριστοτόκος
1350 2340 1656 2409 ὀνομασθή-

93 2454 268 2491 σεται.

159 2525 222 2576 Α.
269 2522 407 2590 Ἐγὼ
435 2523 533 2592 τὴν
566 2522 749 2591 φωνὴν
780 2521 949 2591 αὐτὴν
999 2519 1176 2590 ῥητῶς
1219 2519 1519 2590 λεγομένην
1560 2521 1660 2572 ἀπ-

90 2615 284 2684 ῄτησα,
314 2614 450 2682 ὅπερ
483 2613 578 2665 καὶ
611 2613 674 2665 σὺ
705 2611 823 2682 τὴν,
875 2611 1181 2675 Θεοτόκος,
1211 2609 1340 2678 παρ’
1374 2608 1506 2678 ἐμοῦ
1531 2609 1657 2680 ἐζή-

89 2721 281 2772 τησας.
311 2705 373 2756 El
420 2703 478 2756 δέ
506 2703 680 2773 τούτῳ
737 2701 812 2771 τῷ
850 2701 1039 2770 τρόπῳ
1071 2701 1168 2770 τὴν
1196 2700 1470 2765 ἀπόδειξιν
1503 2702 1654 2770 ποιῇ,

87 2794 246 2862 κάγὼ
284 2795 371 2847 διὰ
395 2794 606 2864 μυρίων
638 2796 703 2846 ἐκ
749 2793 847 2861 τῆς
893 2792 1113 2860 Γραφῆς
1156 2793 1409 2860 χρήσεων
1439 2791 1655 2842 ἀποδει-

88 2889 268 2939 κνύων
316 2887 448 2939 Θεὸν
492 2886 586 2938 τὸν
638 2884 891 2955 Χριστὸν,
927 2883 1406 2951 συναποδείκνυμι,
1435 2884 1516 2935 ὅτι
1565 2885 1656 2935 καὶ

88 2983 120 3050 ἡ
151 2980 309 3033 αὑτὸν
328 2977 586 3042 τεκοῦσα,
612 2979 899 3041 Θεοτόκος
917 2975 1120 3043 ὀφείλει
1135 2974 1517 3044 ὀνομάζεσθαι·
1541 2974 1657 3036 πῶς

87 3073 197 3138 γὰρ
230 3071 288 3122 οὐ
317 3069 632 3138 Θεοτὸκοςή
662 3067 792 3120 Θεὸν
837 3067 948 3120 υίὸν
973 3065 1200 3135 ἔχουσα;
1236 3065 1267 3135 ἢ
1300 3065 1439 3130 εἰπὲ,
1499 3065 1656 3135 εἴπερ

85 3163 313 3232 τολμᾷς,
344 3165 410 3232 τῇ
444 3161 537 3213 τοῦ
568 3159 833 3230 βασιλέως
868 3158 1056 3229 μητρὶ,
1100 3159 1182 3210 ὅτι
1222 3157 1333 3209 Οὐκ
1363 3156 1655 3224 ἐγέννησας

89 3253 340 3317 βασιλέα,
375 3251 470 3304 καὶ
496 3252 576 3303 ὅτι
596 3250 709 3302 Οὐκ
739 3245 788 3301 εἷ
823 3249 1006 3318 μήτηρ
1034 3247 1129 3299 τοῦ
1159 3245 1440 3315 βασιλέως.
1475 3244 1572 3296 Διὰ
1601 3243 1653 3295 τί

84 3342 143 3391 δὲ
174 3339 510 3407 καλουμένου
543 3338 707 3390 αὑτοῦ
756 3335 931 3406 Ἰησοῦ
965 3333 1223 3406 Χριστοῦ,
1247 3335 1308 3387 οὐ
1343 3335 1520 3394 καλεῖς
1555 3333 1652 3402 τὴν

85 3431 318 3500 Μητέρα
344 3429 508 3483 αὑτοῦ
553 3430 971 3495 Ἰησουτόκον,
1003 3427 1135 3481 ἀλλὰ
1159 3425 1400 3496 ὑπερϐὰς
1431 3425 1523 3477 τοῦ
1558 3424 1650 3492 Ἰη-
1679 3453 1721 3511 C

86 3521 184 3572 σοῦ
224 3520 414 3588 δνομα,
442 3517 729 3587 ὀνομάζεις
763 3517 932 3587 αὐτὴν
953 3516 1385 3583 Χριστοτόκονξς
1409 3514 1545 3584 ὅπερ
1593 3512 1649 3567 δὲ

85 3611 152 3662 σὺ
195 3610 459 3677 ἐποίησας
503 3609 596 3660 ἐπὶ
635 3607 729 3659 τοῦ
758 3607 955 3673 Ἰησοῦ
985 3606 1245 3673 ὀνόματος
1277 3599 1648 3672 παραδραμὼν

83 3703 241 3764 αὐτὸ,
295 3701 389 3752 καὶ
441 3699 503 3752 τὸ
548 3698 805 3766 Χριστὸς
867 3696 1244 3764 ἐκλεξάμενος.
1297 3694 1453 3746 τοῦτο
1493 3693 1646 3760 κάγὼ

82 3789 359 3858 πεποίηκα
406 3785 778 3858 παραδραμὼν
811 3785 871 3838 τὸ
921 3785 1172 3852 Χριστός
1220 3784 1406 3852 ὄνομα,
1444 3786 1534 3835 καὶ
1589 3783 1649 3834 τὸ

84 3880 234 3943 Θεὸς
262 3877 619 3947 ἐκλεξάμενος
641 3878 701 3930 τὸ
735 3876 971 3946 πρῶτον,
1004 3876 1093 3928 καὶ
1130 3876 1337 3946 κύριον,
1382 3877 1473 3927 καὶ
1500 3876 1646 3940 ἐξαί-

84 3989 261 4042 ρετον.
314 3972 406 4024 Ἐκ
445 3972 550 4040 γὰρ
581 3970 674 4022 τοῦ
701 3969 1005 4039 κρείττονος
1040 3967 1257 4038 μέρους,
1305 3969 1403 4021 οὐκ
1432 3971 1494 4021 ἐκ
1551 3969 1644 4021 τοῦ

79 4065 342 4132 χείρονος,
377 4066 432 4115 αί
454 4061 1084 4132 προσηγορίαιτίθενται,
1121 4063 1214 4114 καὶ
1238 4060 1471 4130 μάλιστα
1499 4060 1646 4127 παρὰ

79 4155 192 4206 τῶν
218 4155 599 4215 ἐπαινούντων,
632 4155 726 4205 καὶ
747 4154 911 4222 τιμᾷν
936 4152 1296 4222 βουλομένων.

156 4246 215 4296 Β.
254 4244 393 4298 Ἀλλ’
428 4245 523 4296 ἐὰν
560 4244 698 4296 εἴπω
732 4245 1038 4308 Θεοτόκος,
1074 4244 1321 4311 ἐμφαίνω
1349 4244 1439 4295 τὸν
1472 4245 1644 4297 Πατέ-

79 4353 173 4404 pa,
225 4334 424 4386 καὶτὸν
445 4335 589 4396 Υἰὸν,
624 4335 716 4386 καὶ
746 4334 804 4385 τὸ
840 4332 993 4400 ἆγιον
1023 4332 1246 4400 Πνεῦμα
1276 4332 1335 4397 ἐξ
1359 4335 1525 4404 αὐτῆς
1551 4352 1644 4404 γε-

76 4426 392 4495 γεννῆσθαι.
437 4425 494 4477 ’0
538 4425 645 4494 γὰρ
696 4426 841 4486 Θεὸς
880 4423 1163 4487 ἀπολύτως
1201 4425 1512 4497 λεγόμενος,
1568 4430 1642 4499 μὴ

77 4517 357 4585 ἐπιφέρων
401 4517 460 4568 τὸ
492 4517 850 4569 ὑποστατικὸν
903 4517 1098 4587 ἰδίωμα
1133 4519 1230 4586 τῆς
1284 4523 1640 4588 πατρότητος,

76 4610 109 4677 ἢ
173 4607 266 4658 τοῦ
322 4607 661 4677 Πνεύματος,
712 4610 810 4677 τὴν
871 4609 1030 4676 ἁγίαν
1077 4609 1203 4680 ὃλην
1259 4612 1464 4680 Τριὰδα
1515 4614 1644 4684 ἐσή-

80 4721 119 4770 μ
129 4717 271 4753 ανεν.

1759 2161 1905 2215 enim
1937 2162 2262 2230 desponsata
2294 2172 2441 2217 esset
2469 2162 2640 2217 Mater
2708 2163 2829 2231 ejus
2858 2172 2904 2225 τ,
2952 2183 2970 2215 ι
3005 2171 3058 2218 et
3094 2181 3198 2236 qur
3239 2181 3326 2220 se-

1759 2258 2021 2319 qunntur.
2058 2251 2228 2321 Igitur
2261 2267 2382 2320 quae
2416 2251 2603 2320 genuit
2629 2251 2811 2306 Jesum
2852 2252 3153 2318 Christum,
3194 2271 3328 2310 sane

1759 2341 2113 2397 Christotocos
2151 2343 2543 2397 nominabitur.

1824 2521 1889 2574 A.
1925 2519 2040 2589 Ego
2098 2519 2240 2574 hanc
2285 2535 2496 2586 vocem,
2549 2535 2810 2588 expresse
2863 2521 3068 2574 dictam
3137 2522 3322 2590 petivi,

1757 2610 1898 2664 sicut
1923 2620 1977 2663 tu
2017 2625 2202 2664 vocem
2234 2609 2540 2663 Theotocos.
2566 2609 2721 2676 Quod
2760 2610 2804 2664 si
2836 2611 2901 2663 ad
2935 2612 3076 2664 hunc
3104 2612 3323 2665 modum

1756 2701 2126 2761 demonstras,
2159 2716 2258 2770 ego
2286 2701 2450 2755 etiam
2480 2716 2604 2754 cum
2651 2701 2874 2754 inﬁnitis
2906 2701 3324 2756 auetoritatibus

1758 2791 2051 2860 Scripturae
2077 2791 2354 2845 Christum
2385 2791 2551 2846 Deum
2569 2808 2692 2848 esse
2710 2793 2898 2860 probo,
2927 2793 3083 2846 simul
3126 2795 3321 2862 probo,

1757 2897 1878 2950 qua:
1907 2883 2082 2951 ipsum
2118 2883 2350 2951 peperit,
2385 2882 2582 2936 debere
2615 2883 2907 2937 Theotocon
2953 2885 3241 2947 nominari,
3269 2893 3325 2938 et

1757 2975 2027 3043 quomodo
2061 2989 2170 3027 non
2241 2973 2527 3028 Theotocos
2558 2976 2784 3029 dicenda
2814 2984 2918 3036 est.
2969 2992 3090 3046 quae
3153 2977 3321 3030 Deum

1758 3065 1923 3117 lilium
1960 3065 2171 3120 habet?
2214 3075 2308 3119 aut
2351 3066 2460 3131 die,
2495 3067 2541 3120 si
2568 3065 2757 3130 audes,
2798 3068 2954 3120 matri
2987 3068 3130 3135 regis
3157 3084 3169 3120 :
3201 3066 3321 3121 Non

1755 3157 1988 3225 genuisti
2017 3173 2220 3228 regem,
2267 3173 2441 3226 neque
2477 3166 2650 3210 mater
2688 3158 2830 3227 regis
2859 3174 2938 3213 es.
2983 3159 3161 3224 Quare
3195 3174 3319 3213 cum

1755 3257 1981 3302 vocetur
2018 3246 2178 3302 Jesus
2239 3248 2515 3310 Christus,
2559 3263 2666 3301 non
2727 3263 2886 3303 vocas
2937 3248 3159 3302 Matrem
3200 3251 3319 3319 ejus

1753 3338 2055 3404 Jesutocon,
2098 3340 2189 3394 sed
2249 3340 2430 3408 potius
2477 3341 2844 3409 praetermisso
2879 3344 3055 3409 primo
3101 3343 3320 3397 nomine

1753 3429 1880 3485 Jesu
1958 3446 2118 3485 vocas
2147 3430 2304 3500 391
2360 3445 2476 3484 eam
2513 3430 2919 3486 Christotocon?
2958 3432 3113 3497 Quod
3155 3434 3318 3502 igitur

1759 3530 1817 3575 tu
1849 3521 2024 3577 fecisti
2053 3521 2106 3575 in
2152 3523 2373 3576 nomine
2427 3521 2603 3587 Iesus,
2635 3539 2756 3576 cum
2793 3525 3068 3591 praeterito
3101 3525 3317 3579 nomine

1749 3612 1899 3675 Jesu,
1938 3628 2134 3666 nomen
2202 3611 2404 3666 Christi
2450 3613 2685 3682 elegisti,
2736 3614 2836 3668 hoc
2867 3629 2967 3683 ego
3001 3617 3162 3667 etiam
3189 3616 3312 3681 feci,

1749 3702 2121 3772 praetermisso
2172 3704 2393 3756 nomine
2423 3702 2688 3768 Christus,
2723 3719 2918 3758 nomen
2972 3705 3113 3758 Deus
3177 3708 3313 3776 elegi

1750 3793 2010 3861 primum,
2040 3803 2093 3845 et
2122 3791 2424 3860 pr0prium,
2450 3800 2502 3844 et
2524 3792 2814 3846 excellens.
2849 3795 2891 3845 Α
2922 3796 3143 3848 meliore
3170 3797 3311 3849 enim

1749 3891 1922 3950 parte,
1955 3896 2064 3935 non
2099 3897 2127 3933 a
2155 3881 2364 3935 minore
2395 3882 2780 3950 appellationes
2813 3883 2966 3945 fiunt,
3002 3899 3064 3937 ac
3093 3887 3310 3939 nomina

1748 3971 2104 4039 imponuntur
2133 3972 2200 4026 ab
2224 3972 2290 4026 iis
2320 3972 2618 4041 praesertim
2673 3974 2762 4043 qui
2788 3975 3026 4040 laudant,
3049 3984 3102 4029 et
3141 3976 3313 4031 bono-

1745 4076 1870 4115 rare
1901 4062 2107 4116 volunt.

1818 4267 1876 4319 Β.
1920 4264 1988 4316 At
2022 4265 2067 4318 si
2134 4263 2258 4317 dico
2315 4262 2628 4325 Theotocon,
2680 4265 2946 4334 signiﬁco,
2985 4268 3219 4333 Patrem,
3258 4279 3312 4324 et

1743 4356 1961 4419 Filium,
1991 4364 2045 4409 et
2082 4353 2346 4424 Spiritum
2389 4363 2635 4407 sanctum
2664 4370 2726 4408 ex
2759 4357 2875 4424 ipsa
2923 4358 3136 4426 genitos
3169 4375 3308 4415 esse.

1744 4447 1845 4512 Qui
1878 4447 2022 4499 enim
2057 4445 2311 4498 absolute
2336 4444 2468 4497 dicit
2502 4444 2656 4508 Deus,
2687 4455 2738 4498 et
2769 4462 2872 4499 non
2906 4447 3109 4500 indicat
3147 4450 3311 4519 hypo-

1745 4537 1993 4590 slaticam
2028 4535 2416 4604 proprietatem
2461 4535 2823 4604 paternitatis,
2865 4547 2958 4589 aut
3013 4539 3308 4599 ﬁliationis.

1745 4635 1838 4679 aut
1867 4625 2106 4695 Spiritus
2133 4626 2331 4691 sancti,
2395 4633 2561 4676 totam
2601 4623 2922 4678 Trinitatem
2960 4627 3305 4695 signiﬁcavit.

151 4815 215 4867 Δ.
248 4813 361 4865 Οὐκ
407 4813 634 4883 εἴρηκας
666 4815 883 4884 ἀληθὲς,
918 4815 1053 4867 ἀλλὰ
1088 4815 1446 4883 προφασίζεις
1504 4835 1640 4887 προσ

1818 4827 1879 4877 Δ.
1935 4824 2308 4891 Nequaquam,
2369 4824 2512 4892 quod
2582 4824 2742 4888 dicis,
2776 4840 2961 4878 verum
3010 4834 3132 4894 est;
3177 4830 3309 4896 quin

80 4905 274 4970 cpiast;
311 4907 366 4957 ἐν
405 4907 719 4976 ἁμαρτίαις·
749 4908 867 4958 ἐπεὶ
901 4906 1170 4972 ἀνάγνωθι
1219 4908 1316 4975 τὴν
1351 4909 1522 4979 ἀρχὴν
1553 4911 1649 4978 τῆς

84 4994 218 5059 πρὸς
263 4994 570 5063 Ῥωμαίους
612 4994 930 5063 Ἐπιστολῆς
956 4993 1188 5046 Παύλου.
1361 4994 1364 4997 ’

157 5084 210 5135 Β.
263 5099 283 5132 ο
326 5083 533 5145 Παῦλος
561 5084 744 5147 δοῦλος
792 5083 962 5152 Ἰησοῦ
1003 5084 1238 5154 Χριστοῦ
1282 5085 1476 5154 κλητὸς
1510 5089 1646 5139 ἁπό-

80 5174 268 5233 στνιλος
293 5173 674 5244 ἀφωρισμένος
704 5177 780 5236 είς
799 5175 1128 5242 Εὐαγγέλιον
1158 5175 1311 5230 θεοῦ.
1341 5196 1359 5228 ο

153 5264 212 5312 Α.
265 5261 328 5312 ἰ’ί
386 5266 554 5327 ἐστιν,
610 5258 763 5326 οὗτος
809 5266 837 5316 ὁ
892 5264 1044 5329 Θεὸς,
1106 5267 1275 5334 ἧγουν
1331 5269 1457 5322 ποία
1519 5270 1645 5322 ὑπό-

79 5372 300 5418 στασις;

154 5446 212 5498 Β.
255 5446 315 5497 Ἠ
348 5447 517 5516 Τριὰς
547 5449 662 5518 ὅλη.

151 5541 210 5588 Α.
268 5538 469 5606 Ὀρθῶς
533 5539 743 5607 ἐψεύσω
799 5539 937 5592 κατὰ
990 5540 1086 5608 τῆς
1136 5540 1327 5594 ἑαυτοῦ
1383 5542 1639 5612 κεφαλῆς.

106 5634 162 5679 Α·
188 5627 388 5692 ἀγνωῦι
423 5629 491 5681 τὰ
521 5629 770 5698 ἐχόμενα.

160 5825 178 5854 1‘
204 5817 381 5870 ilalth.
423 5837 457 5884 ι,
502 5822 587 5873 18.
697 5830 722 5867 1
753 5820 908 5874 Rom.
943 5837 979 5882 I.
1014 5823 1064 5876 Ι.

1747 4917 1926 4986 potius
1975 4931 2208 4968 excusas
2270 4917 2647 4970 excusationes
2725 4917 2775 4968 in
2846 4919 3108 4985 peccatis.
3171 4919 3312 4992 Lege

1745 5007 1886 5060 enim
1918 5006 2242 5074 principium
2281 5007 2533 5074 Epistola?
2563 5006 2628 5058 ad
2661 5005 2955 5060 Romanos.

1814 5096 1875 5148 Β.
1911 5116 1927 5146 ‹
1961 5094 2162 5149 Paulus
2221 5113 2411 5150 servus
2455 5095 2582 5150 Jesu
2644 5096 2845 5150 Christi
2893 5109 3209 5167 segregatus
3251 5098 3301 5153 'tn

1745 5187 2096 5256 Evangelium
2140 5186 2231 5240 Dei
2264 5196 2313 5238 1.
2357 5205 2374 5237 ι

1812 5280 1876 5330 Δ.
1906 5278 2044 5344 Quid
2080 5287 2163 5332 est
2204 5279 2306 5332 iste
2335 5277 2521 5331 Deus?
2553 5286 2606 5330 et
2627 5278 2806 5347 qualis
2842 5292 3068 5347 persona
3097 5280 3118 5332 ?

1814 5451 1869 5503 Β.
1901 5451 2036 5504 Tota
2071 5453 2329 5507 Trinitas.

1810 5547 1875 5598 A.
1921 5545 2085 5599 Recte
2116 5548 2377 5600 mentitus
2408 5563 2467 5601 es
2502 5547 2554 5600 in
2594 5555 2758 5617 caput
2819 5557 2992 5602 tuum.
3020 5547 3158 5618 Lege
3185 5566 3305 5619 quze

1741 5646 2064 5703 sequuntur.
