4086 6454
737 402 868 468 1539

1925 384 2316 445 THEODORI
2351 382 2719 442 ΑΒΗΕΑΒιΕ

3974 384 3991 429 3L:

796 510 857 563 Β.
906 527 925 560 ι
958 507 1113 574 Quod
1140 511 1267 560 ante
1336 500 1665 574 promiserat
1706 510 1800 566 per
1828 494 2128 565 prophetas
2163 507 2297 548 suos

2469 492 2530 545 Β.
2571 509 2590 542 ι
2636 491 2701 543 '0
2729 486 3205 560 προεπηγγείλατο
3236 485 3326 539 διὰ
3347 482 3454 538 τῶν
3477 478 3801 552 προφητῶν
3846 482 3997 534 αἱ.τοί

730 602 783 654 in
816 599 1119 670 Scripturis
1148 595 1356 652 sanctis
1385 594 1453 647 de
1486 589 1623 644 Filio
1645 602 1771 653 suo,
1806 587 1905 656 qui
1935 584 2112 641 factus
2133 592 2218 641 est
2245 585 2297 639 ci

729 708 797 749 ex
823 692 1028 746 semine
1053 687 1221 743 David
1254 684 1558 742 secundum
1588 691 1813 736 carnem
1849 688 1893 731 ι.
1928 695 1946 728 ι

799 785 864 837 Α.
898 782 1038 847 Quid
1086 779 1281 850 igitur?
1328 776 1383 831 Si
1440 775 1695 830 Christus
1727 781 1783 826 et
1824 769 1998 824 Filius
2023 783 2166 821 unus
2217 772 2300 820 est

731 883 935 929 sanctae
960 871 1265 933 Trinitatis,
1295 885 1407 925 non
1448 868 1603 921 vides
1660 864 1969 919 convictam
1998 876 2122 916 esse
2149 859 2304 913 mali-

733 964 863 1016 tiam
900 963 1085 1015 tuaui?
1115 961 1256 1029 Lege
1302 960 1467 1014 etiam
1525 953 1857 1026 principium
1915 951 1981 1004 ad
2023 950 2302 1013 Hebraeos,

731 1052 877 1124 quod
909 1061 1059 1105 tuam
1115 1066 1332 1120 quoque
1364 1049 1560 1102 malam
1611 1054 1846 1099 mentem
1899 1042 2199 1110 redarguit.
2242 1039 2309 1093 Et

736 1145 789 1198 in
809 1144 996 1197 multis
1030 1144 1168 1197 locis
1202 1141 1499 1210 Scriptura!
1532 1137 1693 1205 plane
1722 1135 1838 1188 haec
1866 1131 2093 1187 haeresis
2122 1131 2310 1186 redar-

735 1234 959 1303 guitur;
1013 1245 1389 1302 saepenumero
1452 1230 1599 1283 enim
1663 1240 1864 1280 nomen
1902 1223 2043 1277 Deus
2085 1222 2153 1275 de
2200 1236 2309 1275 una

736 1340 974 1394 persona
1005 1323 1126 1377 Filii
1151 1324 1377 1378 dicitur.
1407 1321 1585 1385 Sicut,
1609 1338 1628 1369 ι
1656 1319 1796 1373 Deus
1821 1328 1939 1371 erat
1958 1315 2195 1371 Verbum
2224 1326 2305 1367 ι.»

738 1416 805 1468 Et
823 1430 1015 1468 rursus
1036 1414 1241 1468 Paulus
1257 1413 1325 1468 de
1352 1411 1488 1465 Filio
1506 1411 1615 1464 ait:
1646 1428 1664 1460 ι
1697 1409 1800 1473 Qui
1820 1418 1905 1461 est
1931 1422 2097 1475 super
2127 1404 2313 1458 omnia

738 1505 884 1560 Deus
916 1506 967 1570 ιι,
1001 1525 1020 1556 ο
1050 1512 1105 1558 ct
1136 1504 1240 1557 alia
1289 1501 1558 1572 ejusmodi
1619 1499 1876 1568 plurima.
1930 1495 2037 1551 Sed
2086 1510 2198 1548 non
2227 1502 2314 1549 est

740 1609 889 1648 nunc
934 1594 1068 1648 mihi
1119 1592 1288 1646 otium
1339 1589 1408 1643 ad
1477 1587 1885 1657 congerendum
1932 1584 2312 1638 auctoritates.

743 1682 851 1737 Sed
881 1684 948 1737 iis
1004 1682 1098 1750 qui
1127 1682 1413 1735 veritatem
1438 1677 1746 1746 inquirunt,
1767 1684 1822 1730 et
1844 1689 1954 1730 non
1976 1672 2317 1728 contentiose

742 1773 1152 1836 contradicunt,
1183 1772 1319 1826 satis
1338 1770 1451 1826 sint
1477 1770 1613 1824 haec.

2398 588 2457 640 ἐν
2478 587 2722 656 Γραφαϊς
2751 584 2937 653 ἁγίαις
2965 582 3093 653 περὶ
3116 581 3213 635 τοῦ
3235 578 3368 633 Υἱοῦ
3402 576 3597 643 αὐτοῦ,
3636 574 3735 628 τοῦ
3768 578 3995 644 7mg:-

2398 697 2492 733 νου
2525 680 2589 732 ὲκ
2611 680 2927 748 σπέρματος
2959 674 3123 729 Δαυῒδ
3148 672 3293 728 κατὰ
3325 670 3528 742 σάρκα..

2470 773 2535 825 Δ.
2565 769 2631 822 Τί
2652 765 2780 835 οὖν;
2819 768 2877 821 '0
2910 767 3146 837 Χριστὸς
3176 766 3308 828 Υἱός
3324 766 3440 817 ἐστι
3464 762 3567 831 τῆς
3621 760 3807 828 ἁγίας
3844 759 3999 827 τριάς

2400 860 2525 927 δοςς
2553 861 2687 931 ὁρᾷς
2731 860 2828 929 τὴν
2865 859 2965 930 σὴν
3003 857 3342 927 κακουργίαν
3372 852 3805 924 ἐλεγχομένηνς
3857 850 3999 899 ’.λειά-

2404 952 2573 1021 γνωθι
2593 952 2687 1006 καὶ
2717 954 2816 1020 τὴν
2839 951 2975 1021 πρὸς
2992 949 3280 1020 Ἐϐραίους
3303 965 3317 979 ο
3352 948 3446 1001 κα).
3465 945 3613 1014 αὐτὴ
3646 943 3767 1013 γὰρ
3790 941 3997 1007 ὲλέηει

2407 1056 2503 1095 σου
2532 1041 2632 1113 τὴν
2671 1042 2984 1095 κακόνοιαν.
3013 1042 3124 1095 Καὶ
3152 1038 3425 1109 πολλαχοῦ
3452 1038 3558 1107 τῆς
3584 1036 3750 1097 θείας
3784 1033 3999 1102 Γραές

2407 1133 2694 1203 προφανὴς
2745 1134 2773 1185 6
2814 1135 2913 1199 τῆς
2957 1132 3222 1201 αἱρέσεως
3271 1130 3519 1198 ἔλεγχοςσ
3571 1124 3864 1185 πολλάκις
3907 1123 3996 1189 τάξ

2412 1224 2850 1289 μονοῦπόστατος
2879 1222 2962 1286 τὸ,
2993 1223 3159 1287 Θεὸς,
3189 1222 3385 1292 ὄνομα,
3415 1221 3509 1273 ἐπὶ
3544 1217 3648 1271 τοῦ
3687 1214 3837 1269 Υἶοῦ
3866 1214 4001 1278 λέγει·

2409 1330 2521 1366 ται.
2552 1315 2789 1385 Ὠσπερ,
2835 1332 2854 1365 ι
2895 1314 3006 1367 Kal.
3037 1313 3169 1376 Θεὸς
3197 1307 3265 1383 ἦν
3294 1314 3324 1365 6
3352 1312 3549 1379 Λόγος.
3585 1330 3605 1361 ι
3651 1308 3773 1362 Καὶ

2411 1403 2697 1467 θεσπέσιος
2725 1405 2936 1468 Παῦλος
2965 1422 3130 1475 φησιν
3161 1404 3408 1474 περὶτοῦ
3443 1402 3581 1454 Υἱοῦ
3609 1417 3626 1431 ο
3659 1419 3679 1451 ι
3724 1399 3787 1450 'U
3815 1397 3895 1449 ὢν
3924 1400 4001 1448 ἐπ’.

2413 1496 2631 1548 πάντων
2664 1496 2818 1560 Θεὸς,
2856 1514 2874 1546 ι
2914 1496 3008 1548 καὶ
3050 1495 3214 1565 ἕτερα
3264 1493 3491 1548 τοιαῦτα
3555 1490 3832 1544 πλεῖστα.
3880 1488 4003 1541 1-1}!

2415 1583 2476 1635 οὑ
2510 1583 2674 1653 σχολή
2710 1600 2800 1654 μοι
2823 1583 2918 1637 νῦν
2950 1582 3306 1653 ἐπισωρεύειν
3335 1584 3436 1645 τὰς
3461 1582 3707 1651 χρήσεις
3727 1593 3742 1605 ·
3779 1577 3925 1644 πλὴν
3953 1592 4001 1635 τε

2414 1676 2528 1737 τοῖς
2562 1674 2659 1745 τὴν
2712 1675 2972 1745 ἀλήθειαν
3023 1673 3367 1744 ἐκζητοῦσιν.
3421 1675 3519 1727 καὶ
3572 1674 3687 1727 οὐκ
3716 1668 4002 1740 ὲριστιιιίς

2417 1765 2810 1833 ἀντιλέγουσιν,
2841 1766 3149 1820 ἱκανούσθω
3167 1764 3359 1821 ταῦτα.

2290 1877 2412 1935 XV.

744 1980 897 2033 Alius
944 1978 1202 2047 Diatogus
1240 1985 1428 2030 contra
1473 1974 1784 2029 Nestorium
1838 1972 2107 2027 eruditum
2154 1972 2291 2043 (45).

2791 1972 2985 2027 Πάλιν
3022 1972 3175 2040 πρὸς
3196 1970 3630 2037 Νεστοριανὼσ.

2033 2082 2295 2147 (Turriano
2315 2082 2632 2147 interprete.)

1062 2170 1126 2223 Λ.
1162 2169 1493 2223 Catholicus.
1522 2167 1587 2221 Β.
1619 2167 2001 2222 Nestorianus.

816 2262 882 2316 A.
906 2261 1086 2327 Quare
1108 2259 1359 2314 Christus
1396 2258 1597 2312 dicitur
1622 2257 1913 2313 Christus?

816 2353 878 2407 B.
916 2351 1052 2417 Quia
1083 2352 1234 2405 unxit
1260 2365 1382 2403 eum
1416 2348 1558 2403 Deus
1589 2348 1795 2417 Spiritu
1831 2355 2046 2402 sancto.

819 2445 885 2497 Α.
916 2443 1052 2507 Quis
1116 2443 1285 2511 igitur
1320 2450 1403 2496 est
1454 2448 1676 2502 unctus,
1746 2438 1889 2495 Deus
1922 2435 2179 2501 Verbum,
2248 2451 2318 2492 an

750 2537 912 2589 homo
935 2534 957 2587 ?

820 2624 982 2694 392
1010 2622 1074 2677 B.
1105 2622 1261 2676 Absit
1319 2630 1381 2674 ut
1426 2622 1673 2675 dicamus
1727 2627 1948 2675 unctum
1977 2635 2100 2675 esse
2151 2620 2319 2674 Deum

755 2716 1010 2779 Verbum,
1040 2724 1089 2766 et
1120 2728 1227 2766 non
1256 2712 1554 2765 hominem.

822 2805 889 2856 A.
922 2802 1095 2856 llomo
1130 2801 1295 2871 igitur
1326 2809 1410 2855 est
1441 2808 1659 2854 unctus.
1716 2799 1773 2852 Si
1816 2800 1981 2868 igitur
2004 2799 2095 2868 qui
2123 2806 2323 2853 unctus

752 2903 838 2952 est
874 2896 989 2963 ipse
1034 2902 1116 2947 est
1172 2892 1426 2945 Christus
1449 2929 1464 2951 ,
1497 2889 1973 2944 Christusautem
2009 2897 2093 2944 est
2125 2890 2321 2952 homo,

757 2995 812 3041 et
844 2987 983 3037 alius
1022 2992 1104 3037 est
1160 2981 1299 3035 Deus
1330 2980 1569 3034 Verbum
1614 2988 1812 3050 praeter
1842 2980 2116 3033 hominem
2142 2989 2323 3034 vestra

758 3079 1034 3148 opinione,
1064 3075 1320 3129 Christus
1379 3073 1543 3142 igitur
1593 3073 1697 3124 ἀνὰ
1737 3071 1900 3142 μέρος
1954 3071 2087 3140 (46),
2134 3070 2187 3125 id
2220 3079 2323 3133 est,

757 3169 1056 3223 secundum
1091 3175 1297 3235 partem
1340 3172 1423 3217 est
1456 3163 1641 3216 homo.
1674 3160 1965 3226 Quomodo
1987 3176 2117 3230 ergo
2148 3168 2203 3215 et
2226 3175 2327 3213 vos

758 3262 887 3331 ipsi,
932 3268 986 3311 et
1032 3258 1168 3311 alios
1215 3254 1427 3316 fallitis,
1480 3268 1606 3307 cum
1654 3252 1837 3308 dicitis
1877 3251 2155 3307 Christum
2206 3265 2330 3307 esse

719 3381 723 3385 -
760 3350 929 3404 Deum
961 3358 1015 3403 et
1044 3346 1360 3400 hominem?

2728 2175 2775 2225 Α
2793 2168 3171 2238 Ὀρθόδοξος,
3200 2171 3249 2221 Β
3272 2170 3709 2234 Νεστσριανὸς.

2487 2265 2551 2315 Α.
2594 2261 2692 2314 Διὰ
2717 2262 2772 2315 τί
2799 2262 3019 2331 λέγεται
3046 2263 3076 2313 6
3110 2260 3343 2331 Χριστὸς
3366 2260 3629 2327 Χριστός
3655 2274 3676 2319 ;

2489 2355 2548 2407 Β.
2586 2355 2708 2406 Ὅτι
2729 2356 2945 2424 ἔχρισεν
2971 2354 3136 2407 αὑτὸν
3160 2355 3188 2406 6
3212 2353 3347 2415 Θεὸς
3377 2352 3667 2419 Πνεύματι
3702 2352 3874 2420 ἁγίῳ.

2489 2448 2551 2497 Α.
2579 2446 2673 2507 Τίς
2700 2441 2792 2499 οὖν
2845 2446 2993 2496 ἐστιν
3031 2447 3059 2496 6
3084 2444 3344 2516 χρισοεὶς,
3378 2445 3408 2496 6
3455 2444 3593 2506 Θεὸς
3641 2446 3852 2509 Λόγος,
3979 2446 4000 2492 ὁ

2420 2538 2517 2591 ἄνθ
2527 2553 2708 2607 ρωπος
2731 2554 2745 2600 ;
3012 2584 3024 2621 ⁸

2490 2627 2551 2681 Β.
2582 2626 2674 2695 Μὴ
2699 2629 2903 2692 γένοιτο
2931 2620 3111 2691 λέγειν
3141 2623 3310 2692 ἡμᾶς,
3330 2621 3412 2675 ὅτι
3440 2622 3467 2675 6
3494 2620 3634 2684 Θεὸς
3667 2622 3849 2689 Λόγος
3874 2624 3957 2689 ὲχρ
3983 2654 3996 2661 .

2422 2718 2543 2787 σοη,
2569 2717 2705 2770 ἀλλὰ
2739 2718 2768 2769 ὁ
2796 2715 3111 2786 ἄνθρωπος.

2492 2810 2556 2860 Δ.
2585 2806 2907 2875 ’Ἄνθρωπος
2933 2802 3027 2858 οὖν
3053 2806 3199 2857 ἐστιν
3228 2806 3256 2857 6
3299 2805 3559 2875 χριστόςο
3602 2804 3672 2857 ΕΞ
3707 2805 3819 2873 γὰρ
3854 2807 3882 2856 ὁ
3908 2822 4000 2873 λη-

2425 2898 2589 2963 σοεὶς,
2622 2897 2784 2959 αὑτός
2837 2898 2985 2948 ἐστιν
3016 2899 3043 2948 6
3095 2895 3352 2966 Χριστὸς,
3386 2896 3688 2964 ἅνθρωπος
3739 2896 3801 2949 δὲ
3829 2898 3858 2947 ὁ
3904 2912 4000 2963 χμ-

2425 2989 2593 3052 σθεὶς,
2623 2989 2717 3039 καὶ
2739 2987 2925 3056 ἕτερός
2967 2987 3114 3037 ἐστιν
3152 2987 3180 3039 6
3206 2984 3336 3046 Θεὸς
3362 2985 3537 3052 Λόγος
3581 2986 3748 3053 παρὰ.
3797 2985 3889 3037 τὸν
3925 2988 3952 3035 ἐ
3981 3011 3998 3021 -

2423 3081 2638 3150 θρωπον
2663 3078 2783 3130 καθ’
2812 3077 2977 3146 ὑμᾶς,
3007 3079 3034 3129 6
3066 3075 3351 3145 ἄνθρωπος
3382 3076 3489 3144 ἄρα
3537 3077 3695 3128 ἐστὶν
3728 3078 3834 3128 ἀιιὰ
3861 3075 3999 3142 ius};

2422 3169 2728 3238 ὁΧριστός.
2771 3169 2836 3220 Τί
2885 3164 2978 3220 οὖν
3023 3167 3251 3229 ἑαυτοὺς
3296 3166 3392 3218 καὶ
3446 3165 3644 3228 ἄλλους
3699 3166 3999 3223 ἀπατῶντες

2423 3260 2634 3327 λέγετε,
2669 3260 2752 3312 ὅτι
2782 3259 2811 3311 6
2841 3258 3103 3328 Χριστὸς,
3139 3256 3273 3317 Θεὸς
3300 3256 3394 3309 καὶ
3410 3256 3710 3326 ἄνθρωπός
3736 3259 3914 3319 satu;

2313 3454 2456 3513 XVI.

936 3557 1172 3624 Quwstio
1212 3554 1278 3608 ab
1321 3553 1526 3622 inﬁdeli
1572 3553 1833 3608 Abucarw
1868 3553 2158 3623 proposita.

2550 3552 2875 3621 Ἐρώτησις
2900 3552 3163 3607 ἀπίστου
3195 3552 3344 3619 πρὸς
3370 3552 3565 3605 αὐτὸν
3595 3549 3921 3620 γενομένη.

2075 3667 2342 3730 (Turriano
2364 3669 2692 3732 interprete.)

1106 3758 1173 3812 A.
1199 3757 1559 3811 Christianus.
1610 3755 1677 3810 B.
1708 3754 1979 3824 Inﬁdelis.

832 3851 894 3906 Β.
921 3850 1135 3909 Nonne,
1186 3847 1388 3916 inquit,
1422 3845 1591 3901 Deum
1647 3846 1700 3899 in
1729 3845 2007 3910 omnibus,
2046 3852 2102 3900 et
2127 3845 2331 3915 ubique

763 3956 885 3997 esse
923 3940 1152 3994 dicitis?

833 4032 900 4083 Α.
932 4031 1007 4083 lta
1038 4038 1140 4083 est.

836 4120 898 4173 Β.
954 4121 1081 4172 Erat
1140 4126 1318 4171 autem
1371 4117 1626 4171 similiter
1672 4116 1727 4170 in
1768 4126 1962 4169 ventre
1998 4113 2238 4184 Virginis
2279 4123 2335 4169 et

768 4207 961 4260 Matris
989 4221 1121 4259 suae.
1160 4203 1304 4269 Quid
1339 4205 1503 4275 igitur
1531 4204 1769 4273 amplius
1799 4204 1853 4257 in
1880 4203 1971 4257 illa
2012 4203 2157 4258 fuit?

836 4386 903 4439 A.
937 4385 1033 4439 Dic
1066 4385 1216 4446 mihi,
1254 4400 1380 4438 cum
1403 4391 1458 4437 tu
1476 4385 1706 4454 cogitas,
1739 4394 1794 4437 et
1845 4392 2028 4438 mente
2076 4387 2335 4452 revolvis,

769 4491 834 4531 ac
862 4476 1184 4531 consideras
1228 4491 1316 4530 res
1371 4490 1508 4543 quas
1542 4475 1654 4543 jam
1686 4475 1932 4544 cognitas
1980 4476 2170 4539 habes,
2202 4492 2340 4546 quo-

771 4567 934 4621 modo
987 4582 1081 4620 cas
1129 4566 1428 4634 intelligis?
1482 4564 1961 4621 transferunturne
2013 4582 2101 4621 res
2131 4568 2237 4620 illae
2279 4567 2337 4622 in

772 4665 1008 4712 mentem
1045 4655 1232 4709 tuam?
1255 4670 1323 4708 an
1355 4657 1537 4724 potius
1563 4670 1715 4709 mens
1746 4664 1840 4709 tua
1869 4654 1937 4709 ad
1969 4656 2091 4710 illas
2115 4658 2339 4726 pergit?

844 4836 905 4890 B.
931 4834 1083 4889 Mens
1117 4850 1235 4890 mea
1260 4836 1328 4888 ad
1347 4836 1467 4889 illas
1500 4834 1750 4904 pervadit
1770 4850 1972 4904 easque
2000 4838 2342 4907 contempla-

776 4928 927 4981 tione
954 4926 1329 4997 intelligentiae
1351 4934 1582 4994 spectat.

847 5020 914 5072 Λ.
942 5018 1254 5073 Dicimusue
1302 5020 1465 5089 igitur
1527 5026 1761 5073 mentem
1789 5026 1937 5073 tuam
1981 5019 2034 5071 in
2065 5018 2252 5081 rebus,
2286 5018 2341 5071 in

2727 3760 2773 3810 A
2805 3758 2838 3809 ὁ
2864 3755 3243 3823 Χριστιανὸς,
3270 3756 3318 3806 Β
3342 3755 3376 3805 ὁ
3419 3754 3735 3815 Ἀπιστος.

2500 3848 2561 3900 Β.
2597 3847 2753 3916 Οὐχὶ,
2808 3846 2967 3917 φησὶ,
3002 3850 3058 3899 ἐν
3106 3847 3265 3910 πᾶσι,
3297 3846 3392 3897 καὶ
3441 3841 3733 3910 πανταχοῦ
3778 3840 3871 3893 τὸν
3898 3839 4002 3892 656v

2433 3936 2571 3993 εἷναι
2607 3939 2795 4004 λέγετε
2816 3954 2831 4004 ;

2503 4035 2568 4083 Α.
2604 4029 2732 4086 Ναί.

2504 4122 2564 4174 Β.
2641 4118 2915 4181 Ὡσαύτως
2970 4119 3066 4173 καὶ
3131 4121 3187 4171 ὲν
3235 4121 3300 4187 τῇ
3361 4115 3539 4184 κοιλίᾳ
3580 4111 3652 4183 ἦν
3722 4116 3999 4184 Παρθέηυ.

2435 4214 2529 4265 καὶ
2569 4212 2789 4281 Μητρὸς
2840 4210 3029 4268 αὑτοῦ.
3083 4212 3149 4262 Τί
3207 4206 3304 4263 οὖν
3361 4208 3424 4261 τὸ
3469 4207 3747 4277 περισσὸν
3795 4210 3851 4259 ἐν
3886 4209 4000 4259 ἐτεί-

2435 4318 2530 4374 Vili

2506 4394 2571 4446 Α.
2607 4393 2742 4445 Εἰπέ
2794 4408 2923 4463 μοι’
2970 4391 3052 4446 ὅτ’
3100 4391 3168 4446 ἂν
3212 4392 3400 4461 ὲννοῇς
3454 4390 3547 4444 καὶ
3600 4390 3907 4457 ἀναλογξξῃ
3952 4406 3999 4438 τι

2439 4483 2540 4552 ἤδη
2603 4499 2685 4534 σοι
2727 4483 3101 4553 γεγεννημένα
3129 4484 3175 4513 ⁸⁸
3232 4482 3555 4552 πράγματα,
3617 4481 3743 4541 πῶς
3779 4482 3915 4533 αὐτὰ

2439 4577 2620 4639 νοεῖς;
2672 4574 2778 4625 τῶν
2837 4574 3179 4643 πραγμάτιον
3220 4573 3445 4625 ἐκείνων
3497 4574 3553 4625 ὲν
3584 4571 3663 4641 τῷ
3713 4572 3798 4641 σῷ
3820 4572 3895 4624 νοτ
3929 4588 3997 4637 με·

2438 4663 2851 4734 ταχωρούντων,
2904 4664 2938 4733 ἢ
2997 4665 3199 4733 μᾶλλον
3230 4664 3326 4717 τοῦ
3361 4662 3455 4716 σοῦ
3490 4663 3612 4727 νοὸς
3659 4663 3805 4732 πρὸς
3846 4665 3997 4715 ἑκεῖι

2440 4747 2821 4815 διαφοιτῶντος
2839 4766 2854 4814 ;

2513 4839 2573 4891 Β.
2605 4839 2711 4892 Τοῦ
2738 4841 2855 4903 νοός
2885 4856 2986 4910 μου
3017 4841 3297 4910 διήκοντος
3322 4842 3404 4903 εἰς
3427 4832 3638 4900 ἐκεῖνα,
3671 4841 3775 4891 καὶ
3801 4844 3863 4908 τῇ
3892 4840 3996 4907 πρὶς

2444 4931 2760 5001 νοερότητος
2787 4932 2994 5003 Θεωρία
3023 4931 3453 4995 κατοπτεύοντος
3482 4930 3771 5000 δηλονότι.

2516 5023 2577 5074 Α.
2619 5021 2866 5088 Λέγομεν
2897 5018 2988 5074 οὖν
3026 5022 3117 5073 τὸν
3175 5022 3265 5074 σὸν
3316 5021 3462 5082 νοῦν,
3502 5023 3598 5073 καὶ
3647 5022 3707 5072 ὲν
3738 5022 3850 5081 τοῖς
3886 5016 3995 5083 πρᾶ-

780 5108 982 5175 quibus
1012 5119 1276 5173 versatur,
1309 5117 1361 5162 et
1388 5124 1526 5177 quas
1554 5109 1867 5172 meditatur,
1894 5108 2150 5162 similiter
2178 5117 2316 5179 atqui

2441 5128 2666 5181 γμασιν,
2698 5115 2755 5165 ὲν
2782 5110 2863 5176 οἷς
2893 5115 3291 5185 ἀναστρέφεται
3316 5115 3412 5168 καὶ
3436 5112 3749 5183 ἅδολεσχεῑ,
3772 5108 3903 5165 sint
3926 5114 3993 5159 nl.

843 5248 865 5275 ι
900 5238 1059 5291 Boau.
1108 5253 1149 5300 ι,
1180 5240 1234 5295 5.
1348 5252 1372 5279 ι
1400 5237 1561 5291 Joan.
1591 5254 1630 5303 ι,
1668 5240 1715 5291 1.
1831 5236 1858 5275 ι)
1886 5235 2045 5291 Rom.
2079 5253 2154 5300 lx,
2183 5240 2236 5293 5.

2044 5326 2281 5382 VARIAB
2318 5328 2718 5385 LECTIONES.

859 5426 904 5453 δ’
940 5425 1064 5478 fort.
1112 5424 1461 5492 Ἐγνωσμένα
1492 5425 1575 5477 vel
1626 5421 2027 5492 ὲγνωρισμένα.

2250 5510 2479 5566 NOT/E.

862 5606 974 5673 (ιδ)
1004 5606 1163 5661 Deest
1192 5610 1244 5663 in
1282 5619 1468 5663 nostro
1499 5608 1689 5662 Graeco
1715 5608 1927 5661 codice.

862 5608 952 5673 (45
1004 5608 1163 5661 Deest
1192 5610 1244 5663 in
1282 5619 1468 5663 nostro
1499 5608 1689 5662 Graeco
1715 5608 1927 5661 codice.

861 5608 974 5748 (ssi
1016 5676 1127 5748 Hoc
1174 5688 1497 5747 argumento
1564 5679 1912 5748 redarguitur
1946 5673 2350 5748 Nestor-ianus,

792 5761 917 5802 cum
949 5743 1057 5802 non
1093 5743 1553 5813 «licit;Christuni
1590 5764 1712 5802 esse
1735 5743 1852 5801 *ἀνὰ
1890 5746 2053 5814 μέρος
2087 5743 2343 5801 Verbum,

2455 5614 2507 5658 ct
2540 5604 2641 5657 ἀνὰ
2679 5605 2843 5675 μέρος
2873 5605 3173 5666 hominem,
3224 5604 3275 5659 id
3308 5613 3410 5669 cst,
3451 5620 3521 5661 ex
3558 5618 3721 5676 parte
3774 5610 3991 5666 γειιιιει,

2456 5684 2507 5727 (οι
2542 5692 2604 5727 ex
2643 5684 2792 5743 parte
2829 5677 3127 5728 hominem.
