4086 6454
91 416 217 481 1541

1505 423 1889 485 OPUSCULA
1902 470 1914 484 .

3208 429 3344 497 1542

32 502 35 527 ἶ
86 534 142 581 ἐν
174 530 280 589 συὶ.
322 526 437 581 ἀλλ’
468 525 566 596 οὐχ
602 525 804 598 ὁμοίως
847 528 906 580 ὲν
939 525 1039 592 σοὶ,
1076 526 1171 581 καὶ
1197 526 1255 580 ἐν
1284 526 1534 590 ἐκείνοις.
1574 525 1655 580 Ἑν

1766 526 1821 582 in
1847 534 1899 582 te
1924 526 2080 582 esse?
2110 524 2374 594 Minime;
2421 530 2474 584 iu
2509 538 2562 587 te
2603 531 2749 587 enim
2780 534 2933 590 unita
2967 550 3121 593 meus
3144 550 3225 596 cst
3251 558 3340 598 se-

86 622 169 674 σοὶ
195 619 295 690 μὲν
326 620 435 691 γὰρ
479 618 751 683 οὐσιωδῶς
786 619 1070 689 ἡνωμένος
1109 621 1280 682 ἐστὶν,
1330 621 1389 673 ὲν
1434 620 1666 681 ἐκείνοις

82 710 137 765 δὲ
163 710 261 781 οὐχ
281 711 472 771 οὕτως.
505 708 664 763 Οὕτω
688 726 777 780 μοι
807 710 883 772 ὡς
908 709 969 775 ἐξ
995 711 1395 781 ὑποδείγματος
1428 711 1537 763 νόει
1572 709 1665 763 τὸν

80 801 217 855 Θεὸν
242 801 415 871 Λόγον
437 803 495 855 ὲν
520 804 587 872 τῇ
615 801 720 873 ἰδίᾳ
746 803 934 873 σαρκὶ,
968 803 1061 855 καὶ
1081 802 1319 872 ὁπηνίκα
1348 803 1406 855 ὲν
1430 805 1495 874 τῇ
1525 820 1664 873 παρ-

83 894 271 965 θενικῇ
304 894 488 965 μήτρᾳ
516 888 609 964 ἦν,
637 894 731 947 καὶ
756 893 894 964 μετὰ
928 893 1017 947 τὸν
1049 894 1206 947 τόκον
1238 894 1508 959 οὐσιωδῶς
1537 896 1657 949 καθῗ

81 984 381 1038 ὑπόστασιν
416 986 718 1055 ἡνωμένον,
755 985 848 1037 καὶ
900 986 1342 1056 σεσαρκωμένον,
1379 986 1474 1041 καὶ
1526 1004 1663 1042 παν-

79 1075 248 1145 ταχοῦ
270 1077 335 1144 τῇ
360 1075 589 1146 προνοίᾳ
618 1074 715 1127 καὶ
760 1076 1013 1146 ἐνεργείᾳ
1060 1077 1122 1129 τὸ
1151 1079 1259 1130 πᾶν
1286 1077 1540 1131 διέποντα
1568 1078 1664 1131 καὶ

77 1165 499 1235 διακρατοῦντα·
527 1164 643 1218 ἀλλ’
669 1167 729 1218 οὐ
754 1165 831 1234 τῷ
862 1166 1007 1235 αὐτῷ
1032 1170 1089 1220 ἐν
1114 1170 1179 1237 τῇ
1215 1169 1323 1239 ἰδίᾳ
1353 1168 1542 1238 σαρκὶ,
1567 1168 1662 1222 καὶ

77 1255 135 1305 ἐν
153 1256 229 1324 τῷ
254 1254 438 1307 παντί·
470 1254 563 1309 καὶ
591 1257 699 1327 γὰρ
734 1259 886 1328 φέρει
922 1260 989 1311 τὰ
1012 1261 1189 1312 πάντα
1217 1260 1293 1329 τῷ
1328 1262 1532 1330 ῥήματι
1562 1262 1661 1330 τῆς

74 1348 360 1418 δυνάμεως
402 1347 564 1401 αὐτοῦ
593 1348 660 1402 ³⁸.
720 1349 777 1400 Ὀ
819 1350 949 1412 Θεὸς
984 1350 1061 1413 δὲ,
1090 1352 1180 1403 καὶ
1221 1351 1359 1422 ὑπὲρ
1392 1351 1498 1404 πᾶν
1528 1351 1658 1403 ὑπό-

72 1440 277 1510 δειγμά
308 1441 446 1505 ἐστι,
507 1441 602 1493 καὶ
640 1440 911 1511 ἐμφάσεις
952 1442 1105 1505 τινὰς
1154 1443 1391 1513 νοήσεων
1430 1444 1519 1496 ὲκ.
1549 1443 1657 1495 τῶν

72 1531 243 1584 ὀντων
298 1530 649 1602 λαμϐάνομεν
680 1534 770 1585 ἐπὶ
799 1533 894 1586 τοῦ
924 1532 1065 1603 ὑπὲρ
1096 1533 1166 1587 τὰ
1211 1533 1342 1587 ὂντα
1370 1534 1464 1588 καὶ
1498 1550 1659 1605 ποιη-

70 1625 167 1675 τοῦ
190 1623 298 1676 τῶν
320 1624 507 1677 ὀντων.

1762 619 1999 673 cundum
2032 620 2434 687 substantiam;
2473 624 2528 677 in
2561 626 2725 681 rebus
2766 643 2895 683 vero
2946 629 3076 699 ipsis
3104 648 3211 688 non
3242 635 3338 692 ita.

1764 708 1877 774 Sic,
1907 712 2139 781 exempli
2167 727 2359 779 causa,
2382 716 2628 787 intellige
2666 719 2798 775 mihi
2832 721 3001 777 Deum
3030 722 3265 781 Verbum
3288 737 3342 783 et

1761 800 1816 855 in
1854 802 2073 873 propria
2131 820 2317 871 carne,
2358 814 2412 860 et
2442 809 2667 878 quando
2718 820 2834 866 erat
2869 814 2922 867 in
2956 826 3142 871 ventre
3172 818 3341 889 virgi-

1761 894 1896 959 nali,
1919 904 1973 951 et
2010 904 2133 966 post
2162 907 2379 967 partum
2402 901 2704 956 secundum
2744 904 3106 959 substantiam
3165 919 3218 963 et
3249 910 3342 981 hy-

1761 989 2024 1056 postasim
2083 989 2320 1053 unitum,
2367 1000 2424 1046 et
2467 992 2852 1060 incarnatum;
2886 1004 2939 1049 et
2970 996 3175 1066 ubique
3217 1017 3341 1055 esse

1759 1078 2103 1147 providentia
2144 1090 2196 1135 et
2222 1083 2544 1150 operatione
2569 1084 2886 1139 universum
2941 1090 3336 1156 gubernantem

1758 1178 1813 1225 et
1845 1170 2217 1226 continentem
2240 1171 2376 1241 (47),
2404 1187 2512 1227 non
2537 1180 2796 1244 tanquam
2830 1177 2990 1232 aliter
3007 1181 3336 1245 substantia,

1760 1260 1918 1314 aliter
1956 1263 2294 1330 operatione.
2356 1260 2472 1317 Non
2509 1264 2652 1319 enim
2702 1265 2756 1317 in
2784 1282 2989 1339 νοεροιι,
3029 1270 3339 1325 substantia

1762 1352 1830 1408 ab
1854 1353 2180 1422 operatione
2225 1361 2478 1424 separata
2534 1368 2639 1417 est.
2671 1356 2763 1411 sed
2805 1359 2857 1411 in
2900 1359 3089 1413 eodem
3126 1361 3247 1430 ipso
3281 1365 3337 1417 in

1762 1447 1986 1515 propria
2047 1460 2215 1501 carne
2270 1446 2571 1501 secundum
2644 1448 2986 1519 bypostasim
3025 1453 3159 1522 (£8),
3196 1461 3250 1509 et
3282 1456 3340 1508 in

1760 1537 2022 1591 universo
2050 1552 2064 1603 ;
2092 1536 2234 1592 Deus
2290 1546 2471 1593 autem
2510 1553 2674 1608 supra
2708 1554 2870 1595 omne
2892 1544 3202 1614 exemplum
3233 1557 3338 1609 est;

1758 1627 2013 1699 quamvis
2046 1629 2191 1681 enim
2226 1630 2495 1698 quasdam
2520 1646 2738 1693 manus,
2756 1641 2809 1686 et
2836 1634 3147 1704 adjumenta
3179 1638 3341 1692 intel-

71 1717 306 1786 ligentire
335 1733 365 1771 ε
389 1717 554 1773 rebus
586 1717 895 1788 accipimus
926 1719 981 1773 in
1005 1726 1232 1775 auctore
1254 1721 1526 1787 omnium,
1552 1721 1645 1793 qui
1673 1738 1842 1793 supra
1900 1723 2091 1778 omnia
2139 1731 2261 1788 est,
2310 1738 2419 1778 non
2448 1734 2628 1777 tamen
2703 1726 2844 1778 κατὰ
2887 1727 3071 1793 ταύτό,
3135 1728 3191 1783 id
3255 1733 3341 1785 est

71 1814 374 1869 secundum
410 1814 553 1869 idem
585 1814 763 1885 ipsum
787 1815 1216 1872 existimandum
1255 1826 1339 1873 est
1368 1832 1489 1874 esse
1516 1818 1621 1873 hoc
1661 1818 1808 1888 quod
1837 1818 2020 1873 omnia
2054 1833 2177 1889 quae
2208 1829 2338 1875 sunt
2365 1833 2530 1888 supra
2557 1820 2924 1874 substantiam
2945 1824 3201 1892 ,superat.

1636 1936 1798 1992 XVII.

107 2022 203 2076 lZ'.
234 2045 301 2065 --—
325 2024 617 2093 Ἐρωτήθη
635 2025 681 2059 ⁸⁷
706 2027 1062 2098 Ἀϐουκαρᾶς
1092 2034 1229 2100 παρ’
1258 2032 1520 2086 ἀπίστου
1543 2033 1613 2089 ⁸⁸.

1866 2030 2028 2103 393
2067 2031 2305 2098 Qucestio
2325 2031 2391 2085 ab
2412 2031 2618 2100 inﬁdeli
2646 2032 2909 2088 Abucarw
2933 2036 3226 2104 proposita.

1390 2146 1674 2197 lntemrele
1696 2145 1979 2196 Turriano.l

1391 2149 1499 2197 lnle
1566 2152 1655 2195 relt

140 2224 203 2279 Β.
236 2225 363 2289 Πῶς
413 2225 507 2279 τοῦ
539 2228 777 2299 Χριστοῦ
809 2232 1024 2301 τρανῶς
1084 2149 1651 2305 ἀποφηναεὶένουῗρότι

1756 2149 1979 2195 trriano.l

1823 2235 1886 2290 B.
1919 2233 2231 2300 Quomodo,
2287 2248 2409 2287 cum
2461 2233 2717 2289 Christus
2758 2234 2905 2290 clare
2930 2233 3080 2291 dicat
3104 2246 3160 2292 et
3210 2252 3337 2307 prn-

76 2337 93 2367 ι
144 2318 201 2369 '0
233 2316 309 2388 μὴ
338 2318 624 2387 γεννηθεὶς
658 2320 717 2385 ἐξ
741 2321 933 2385 ὓδατος
987 2324 1083 2376 καὶ
1116 2325 1457 2395 Πνεύματος,
1483 2327 1543 2378 οὐ
1577 2325 1652 2397 μὴ

68 2408 289 2481 εἰσέλθῃ
333 2410 415 2473 εἰς
455 2411 557 2480 τὴν
598 2410 878 2482 βασιλείαν
909 2415 1019 2468 τῶν
1066 2416 1335 2487 οὐρανῶν,
1376 2437 1393 2469 ι
1430 2418 1652 2472 δυνατόν

69 2499 189 2548 ἐστι
219 2499 344 2559 τοὺς
378 2499 485 2568 πρὸ
520 2502 618 2569 τῆς
649 2503 950 2572 παρουσίας
971 2504 1136 2557 αὐτοῦ
1167 2506 1408 2571 δικαίους
1444 2508 1519 2578 μὴ
1551 2508 1650 2577 βα-

69 2587 396 2651 πτισθέντας
427 2589 690 2643 εἰσελθεῖν
715 2594 795 2655 εἰς
816 2594 1019 2664 abripi;

142 2682 207 2731 Α.
228 2679 337 2731 Καὶ
353 2679 651 2750 ἀπεκρίθηο
684 2681 741 2735 '0
761 2683 996 2754 Χριστὸς
1018 2686 1159 2753 ὑπὲρ
1188 2687 1413 2740 ἐκείνων
1430 2688 1652 2741 ἐϐαπτί-

70 2767 200 2838 σθη,
221 2767 372 2822 ὥσπε
381 2787 413 2838 ρ
444 2772 538 2823 καὶ
563 2770 836 2826 ἀπέθανεν
859 2775 998 2845 ὑπὲρ
1025 2779 1262 2830 πάντων·
1297 2798 1315 2830 ι
1355 2778 1496 2846 Ἐγὼ
1520 2779 1650 2849 γὰρ,

69 2861 258 2930 φησιν,
297 2864 534 2932 ἐμαυτὸν
564 2866 778 2932 ἁγιάζω
829 2868 971 2938 ὑπὲρ
1027 2870 1222 2924 αὐτῶν.
1266 2891 1283 2922 ι
1339 2873 1483 2943 Πλὴν
1518 2872 1655 2925 ἀλλὰ

68 2948 167 3000 καὶ
203 2952 533 3017 σωματικῶς
563 2951 991 3027 ἐϐαπτίσθησαν.

142 3037 206 3092 Β.
244 3039 368 3101 Πῶς
398 3041 557 3094 τοῦτο
582 3041 842 3113 δυνατῶς

143 3130 209 3181 Λ.
241 3130 355 3182 υὺκ
409 3127 577 3197 οἶδας,
638 3135 720 3188 ὅτι
770 3136 834 3190 οὐ
889 3135 1068 3208 πάντη
1115 3140 1166 3192 οἱ
1216 3140 1654 3212 ἀποθνήσκοντες

68 3221 437 3287 ἀπόλλυνται,
475 3225 592 3279 ἀλλ’
638 3226 696 3277 ἐν
736 3230 851 3292 τοῖς
893 3231 1178 3302 στοιχείοις
1218 3234 1563 3300 ἀναλύονται,
1594 3235 1654 3299 ἐξ

69 3304 148 3362 ὧν
181 3314 272 3365 καὶ
303 3315 561 3386 συνετέθη
570 3333 664 3370 σαν
685 3334 701 3385 ;

143 3402 204 3456 Β.
236 3402 424 3469 Οὕτως
452 3405 587 3476 ἔχει.

145 3497 209 3545 Α.
241 3494 556 3567 Γέγραπται
610 3499 687 3561 δὲ,
736 3501 819 3553 ὅτι
875 3505 1162 3575 κεντηθεὶς
1226 3509 1290 3578 τῇ
1338 3506 1508 3581 λόγχῃ
1557 3509 1655 3580 τὴν

1755 2327 1974 2382 nuntiet
2011 2343 2024 2380 :
2073 2344 2093 2378 ι
2121 2324 2225 2392 Qui
2259 2341 2365 2378 non
2394 2335 2479 2379 est
2512 2332 2674 2380 natus
2721 2342 2790 2380 ex
2838 2341 2981 2397 aqua
3036 2336 3091 2383 et
3120 2327 3335 2399 Spiritu

1754 2430 1971 2485 sancto,
1998 2436 2105 2474 non
2131 2419 2359 2474 intrabit
2386 2419 2440 2473 in
2469 2434 2694 2489 regnum
2713 2420 2977 2475 caelorum
2996 2432 3078 2487 0,)
3100 2422 3218 2477 ﬁeri
3239 2438 3337 2490 po-

1753 2521 1862 2567 test
1910 2521 1970 2565 ut
1993 2513 2086 2581 qui
2116 2522 2240 2565 ante
2270 2512 2565 2566 adventum
2597 2512 2717 2581 ejus
2756 2512 2981 2568 [uerunt
3032 2513 3194 2584 justi,
3224 2531 3333 2568 uou

1755 2604 2015 2674 baptizati
2058 2605 2110 2657 in
2152 2604 2203 2657 id
2239 2602 2661 2672 ingrediantur?

1822 2696 1888 2747 A.
1931 2695 2069 2760 Quia
2102 2695 2356 2749 Christus
2392 2711 2491 2765 pro
2522 2695 2630 2749 illis
2671 2695 2979 2764 baptizatus
3018 2706 3122 2752 est.
3168 2716 3185 2747 ι
3224 2695 3334 2765 Ego

1751 2783 1919 2847 enim,
1983 2784 2195 2852 inquit,
2258 2799 2360 2853 pro
2420 2784 2528 2838 illis
2583 2786 2871 2840 sanctiﬁco
2922 2787 3189 2856 meipsmu
3222 2785 3268 2839 ἀ.
3310 2808 3326 2837 ι

1753 2874 2021 2929 Οῖειετυῐη
2062 2876 2412 2945 σωματικῶς,
2448 2878 2499 2931 id
2534 2887 2641 2941 est,
2666 2879 2997 2949 corporibus
3043 2879 3209 2932 etiam
3238 2881 3328 2932 ba-

1754 2964 1939 3033 ptizati
1968 2974 2119 3019 sunt.

1824 3052 1884 3104 B.
1919 3050 2206 3117 Quomodo
2228 3054 2332 3107 hoc
2368 3054 2484 3108 ﬁeri
2510 3052 2727 3123 potuit?

1822 3146 1888 3198 A.
1928 3144 2142 3208 Nescis,
2175 3147 2321 3215 quod
2352 3148 2446 3215 qui
2498 3150 2835 3210 moriuntur,
2870 3164 2979 3203 non
3027 3154 3248 3220 penitus
3281 3153 3333 3206 iu

1754 3235 1987 3290 nihilum
2029 3238 2326 3304 intereunt,
2364 3239 2456 3293 sed
2496 3241 2680 3307 potius
2716 3243 2766 3294 in
2792 3242 3085 3307 elementa,
3114 3259 3182 3299 ex
3214 3245 3334 3315 qui-

1755 3326 1857 3380 bus
1885 3327 2175 3395 compositi
2208 3338 2357 3389 sunt,
2394 3330 2750 3383 resolvuntur
2776 3332 2798 3383 ?

1824 3417 1886 3471 Β.
1917 3418 2006 3473 Sic
2027 3427 2131 3473 est.

1828 3511 1890 3564 A.
1930 3510 2204 3581 Scriptum
2263 3520 2347 3567 est
2380 3523 2427 3579 ο,
2485 3515 2630 3582 quod
2680 3514 2851 3569 latere
2896 3517 3086 3573 lancea
3121 3527 3333 3588 aperto,

72 3588 356 3655 πλευρὰν,
401 3588 625 3659 ἑρευσεν
664 3587 803 3662 αἷμα
850 3598 945 3648 καὶ
981 3595 1126 3666 ὕδωρ
1171 3599 1236 3652 ὲκ
1274 3600 1372 3669 τῆς
1415 3603 1655 3674 πλευρᾶς

1762 3601 1991 3670 sanguis
2017 3608 2072 3654 et
2104 3614 2245 3670 aqua
2269 3616 2339 3655 ex
2376 3603 2549 3656 latere
2578 3605 2697 3673 ejus
2728 3603 2904 3659 ﬂuxit.

69 3678 263 3733 αὑτοῦ.

148 3769 209 3823 Β.
241 3770 346 3822 Ναὶ
374 3770 545 3836 οὕτως
566 3775 896 3847 γέγραπται.

145 3860 210 3911 Α.
245 3860 453 3915 Οὐκοῦν
482 3864 843 3931 ἀναλυθέντος
872 3871 928 3921 ὲν
967 3871 1080 3933 τοῖς
1118 3876 1401 3943 στοιχείοις
1440 3875 1648 3929 ἐκείνου

69 3946 170 3999 τοῦ
202 3947 411 4014 ὕδατος,
460 3951 688 4021 ἡγίασεν
720 3955 790 4006 τα
836 3957 1035 4023 πάντα,
1067 3961 1162 4013 καὶ
1184 3961 1479 4016 ἐϐάπτισεν
1524 3966 1650 4029 τοὺς

74 4041 519 4109 μεμερισμένους
568 4046 662 4097 καὶ
700 4047 1067 4113 ἀναλυθέντας
1095 4054 1173 4117 εἰς
1202 4055 1267 4105 τὰ
1300 4059 1555 4127 στοιχεῖα.

146 4130 206 4181 Β.
240 4131 424 4200 Τούτῳ
480 4134 556 4202 τῷ
594 4135 738 4204 λόγῳ
798 4140 893 4191 καὶ
943 4142 991 4192 οἱ
1027 4143 1271 4205 ἄπιστοι,
1309 4148 1399 4199 καὶ
1450 4148 1652 4212 πάντες

72 4222 259 4285 ἁπλῶς
282 4223 689 4297 ἐϐαπτίσθησαν
711 4230 760 4282 οἱ
793 4234 1293 4303 προαποθανόντες;

144 4315 207 4365 Α.
235 4313 395 4383 οὐχι·
430 4316 566 4369 ἀλλὰ
597 4320 757 4387 μόνον
791 4323 860 4374 τὰ
896 4322 1119 4395 σώματα
1162 4327 1268 4379 τῶν
1299 4329 1523 4395 πιστῶν,
1576 4323 1650 4383 ὧν

68 4402 338 4472 αὶψυχαὶ,
359 4406 417 4456 ἐν
444 4405 522 4475 τῷ
554 4406 652 4479 ᾄδῃ
680 4411 1033 4476 κατελθόντος
1058 4416 1237 4468 ὲκείσε
1265 4416 1360 4469 τοῦ
1389 4420 1646 4488 Χριστοῦ,

66 4493 101 4559 ἢ
131 4493 229 4559 τῆς
261 4493 421 4558 ἁγίας
443 4495 605 4548 αὑτοῦ
646 4497 847 4567 ψυχῆς,
890 4500 1221 4555 ἐπίστευσαν
1246 4504 1326 4565 εἰς
1356 4506 1540 4558 αὐτόν.

150 4582 360 4652 Ὥσπερ
381 4585 490 4653 γὰρ
516 4586 569 4637 εἴ
589 4604 672 4649 τις
704 4589 941 4655 ἀγωγὸς,
977 4592 1071 4643 καὶ
1110 4592 1247 4661 ρύαξ
1283 4592 1472 4657 ὓδατος
1506 4594 1647 4659 ζῶν-

63 4687 165 4733 τος
194 4671 384 4742 δένδρα
418 4676 587 4727 πολλὰ
620 4683 1082 4751 παραπεπηγότα,
1113 4685 1207 4734 καὶ
1235 4702 1647 4754 παραπεφυτευ·

71 4762 215 4831 μένα
242 4763 399 4832 ἔχων,
428 4770 496 4819 τὰ
527 4769 624 4837 μὲν
655 4772 932 4836 παντελῶς
970 4774 1141 4845 νεκρὰ
1188 4776 1281 4829 καὶ
1304 4776 1465 4847 ξηρὰ,
1497 4780 1564 4830 τὰ
1589 4778 1647 4831 δὲ

68 4855 156 4908 ἔτι
182 4855 379 4921 ζῶντα,
412 4859 462 4911 τι
499 4860 646 4914 δοκεῖ
670 4879 792 4928 σοι;
825 4866 1002 4918 πάντα
1028 4867 1096 4919 τὰ
1122 4868 1332 4936 δένδρα,
1367 4863 1441 4920 ὧν
1474 4869 1646 4923 ἄπτε-

1820 3777 1882 3831 Β.
1922 3778 2013 3833 Sic
2050 3794 2183 3835 sane
2212 3781 2484 3850 scriptum
2518 3791 2626 3836 est.

1821 3873 1887 3926 A.
1913 3869 2008 3925 Illa
2040 3872 2207 3942 igitur
2235 3887 2376 3942 aqua
2399 3874 2642 3928 resoluta
2670 3875 2725 3929 in
2756 3874 3051 3940 elementa,
3076 3877 3335 3935 Christus

1751 3963 1935 4016 omnia
1962 3963 2348 4027 sanctiﬁcavit,
2407 3965 2813 4036 baptizavitquc
2850 3967 3062 4026 divisos
3098 3978 3153 4025 et
3181 3986 3334 4025 reso-

1751 4053 1896 4109 lutos
1929 4054 1984 4108 in
2010 4055 2302 4110 elementa.

1823 4146 1883 4200 Β.
1920 4145 2033 4200 llac
2058 4148 2271 4203 ratione
2292 4146 2539 4202 infideles
2572 4149 2761 4213 etiam,
2793 4159 2848 4205 et
2874 4149 3115 4220 denique
3142 4168 3333 4209 omnes

1752 4238 2009 4307 baptizati
2046 4248 2194 4299 sunt,
2227 4239 2320 4307 qui
2354 4247 2482 4294 ante
2515 4240 2733 4295 fuerant
2767 4244 2993 4299 mortui.

1820 4332 1884 4383 A.
1917 4329 2169 4392 Minime,
2222 4331 2317 4384 sed
2367 4331 2485 4385 sola
2533 4347 2766 4401 corpora
2803 4333 3063 4400 ﬁdelium,
3093 4351 3328 4405 quorum

1750 4422 1962 4482 animai,
2012 4435 2135 4474 cum
2189 4422 2476 4476 descendit
2522 4422 2590 4474 ad
2634 4423 2909 4478 infernum
2958 4426 3238 4490 Christus,
3273 4429 3329 4483 id

1748 4522 1853 4573 est,
1881 4520 2072 4566 sancta
2095 4514 2215 4581 ejus
2238 4514 2446 4576 anima,
2486 4515 2540 4567 iu
2574 4530 2698 4569 eum
2732 4515 3111 4571 crediderunt.

1820 4601 1975 4655 Sicut
2013 4605 2157 4655 enim
2191 4604 2236 4657 si
2269 4609 2394 4672 quis
2415 4620 2571 4671 aqua:
2592 4606 2814 4667 ductus,
2850 4615 2944 4659 aut
2984 4608 3132 4661 rivus
3183 4609 3328 4663 mul-

1750 4702 1833 4747 tas
1860 4695 2086 4749 arbores
2138 4695 2339 4749 haheat
2388 4697 2547 4763 juxta
2598 4700 2868 4757 consitas,
2917 4700 3053 4752 alias
3104 4700 3323 4770 quidem

1746 4782 1972 4834 omnino
1999 4784 2302 4837 exstinctas
2351 4791 2405 4838 et
2448 4784 2654 4847 aridas,
2698 4787 2835 4841 alias
2867 4802 2996 4840 vero
3026 4788 3205 4840 adhuc
3246 4789 3326 4839 vi-

1747 4880 1937 4926 ventes
1961 4880 2017 4926 et
2048 4873 2271 4937 virides,
2307 4874 2436 4944 quid
2489 4876 2587 4929 tibi
2644 4876 2880 4944 videtur,
2912 4893 2979 4931 an
3010 4894 3201 4932 omnes
3231 4895 3323 4931 ar-

65 4962 163 4999 ται
184 4946 243 4999 τὸ
277 4946 442 5019 ὕδωρ,
471 4951 830 5021 ὠφελοῦνται,
878 4959 969 5009 καὶ
1003 4959 1307 5028 ἀνιμῶνται
1330 4960 1428 5031 τὴν
1459 4963 1647 5033 πιότη-

1756 4963 1917 5019 borcs
1939 4962 2078 5033 quas
2118 4978 2261 5034 aqua
2294 4942 2466 5036 tangit
2510 4967 2809 5021 utilitatem
2838 4942 3084 5038 capiunt,
3116 4976 3324 5039 etquao

65 5053 143 5090 τα
173 5039 217 5069 ⁸³
269 5042 362 5093 καὶ
405 5042 502 5113 τὴν
551 5042 719 5115 ζωὴν,
767 5046 800 5116 ἢ
855 5048 994 5118 μόνα
1046 5051 1110 5103 τὰ
1159 5051 1413 5123 δεκτικὴν
1455 5053 1651 5124 ἔχοντα

183 5178 205 5204 ο
234 5167 394 5224 Joan.
430 5186 509 5234 tu,
696 5175 721 5213 d
746 5175 906 5233 Joan.
940 5197 1073 5247 xm,
1110 5181 1196 5235 19.

1758 5057 1966 5111 litatem
2007 5071 2070 5112 ac
2106 5059 2273 5113 vitam
2322 5059 2635 5115 hauriunt?
2664 5075 2732 5116 an
2754 5062 2857 5116 illa:
2890 5063 3021 5117 sola:
3046 5078 3169 5133 qua:
3214 5063 3321 5117 vim

1313 5194 1336 5221 θ
1361 5183 1518 5238 Joan.
1546 5202 1660 5255 xu,
1682 5187 1772 5242 3i.

1331 5301 1566 5360 VARUS
1593 5305 1996 5366 LECTIONES.

148 5408 191 5490 ξθ
221 5404 277 5459 In
310 5409 482 5490 altero
516 5412 811 5490 exemplari
835 5414 1303 5490 “Bavarico,_ha:c
1369 5424 1630 5490 periodus
1684 5432 2021 5487 subtexitur.

2097 5434 2460 5510 ιτ-ἢρωτήθη,
2534 5441 2578 5473 ιδ
2604 5442 2664 5497 ο,
2700 5444 2759 5496 Β,
2805 5439 2955 5506 παρὰ
2987 5441 3203 5498 πιστοῦ.
3233 5444 3325 5501 Sic

74 5479 484 5585 itab‘ejntiit'u‘l’us
595 5479 1412 5585 E'rieeo‘.llti;l‘urri:ttii
1450 5479 1640 5551 codice
1672 5479 2093 5573 pleraque-pars
2122 5479 2460 5579 tit'u'ii:
2488 5479 2777 5569 contest-us
3097 5479 3326 5585 ﬁeri;

82 5562 149 5598 o-x
179 5550 446 5602 versione.
520 5550 565 5580 "
595 5550 758 5605 Turr.
796 5554 921 5621 legit
954 5556 1233 5625 ποιότητα.

1573 5655 1808 5714 ΝΟΤιΕ.

280 5733 825 5817 .Cod'i‘eesdiararici
848 5739 937 5817 hic
970 5743 1336 5817 sunt_mut_ili.
1377 5743 1643 5817 integrius

80 5803 358 5872 exemplar
394 5801 701 5860 Turrianus
742 5809 950 5874 habuit,
995 5824 1049 5864 ut
1088 5812 1430 5870 Ceucbratd.

1827 5752 2072 5835 (48)..χὼ
2106 5754 2200 5833 ,τῷ
2238 5758 2405 5830 αὐτῷ,
2444 5761 2493 5814 id
2543 5773 2646 5829 εει,
2696 5766 2752 5820 in
2796 5768 2984 5823 eadem
3018 5767 3321 5835 divinitate,

1758 5824 1926 5884 inquit
1955 5820 2283 5881 Τιιιτίιιιίυδ.
