4086 6454
137 404 262 470 ΙὲοτἹ

192 520 373 585 Αἱρεῖ.
395 514 581 570 Φύσιν.

209 607 424 673 Ὀρθόδ.
482 602 637 670 Εἶτα,
702 604 844 676 μετὰ
907 606 1239 678 ἰδιωμάτων,
1296 606 1328 676 ἢ
1383 607 1509 660 ἄνευ
1579 603 1699 657 τοὺ.

132 718 264 765 των;

192 795 377 860 ΑΙρετ.
409 790 593 860 Μόνην
615 787 714 860 τὴν
746 789 908 859 φύσιν
941 788 1204 843 ἀνέλαϐεν
1238 788 1407 860 χωρὶς
1436 787 1544 840 τῶν
1569 786 1704 839 7.8.0)-

133 882 313 951 μάτων
324 925 334 935 .

202 972 430 1040 Ὀρθόδ.
464 973 688 1035 Λοιπὸν,
714 971 808 1026 καὶ
849 970 977 1025 ἄνευ
1010 967 1320 1041 χρώματος,
1363 969 1455 1023 καὶ
1488 970 1703 1041 σχή;;α-

130 1085 239 1129 τος,
266 1068 360 1120 καὶ
386 1066 638 1135 κράσεως
661 1064 770 1117 τῶν
804 1064 1105 1133 στοιχείων
1125 1060 1213 1134 ἦν,
1246 1065 1340 1116 καὶ
1369 1063 1495 1115 ἄνευ
1546 1063 1706 1133 μεγέ-

131 1156 274 1220 θους.
315 1157 478 1209 Ὥστε
527 1154 652 1207 οὔτε
701 1156 1049 1223 ὲγνωρίζετο,
1105 1153 1229 1207 οὔτε
1289 1155 1533 1224 ἑωρᾶτο,
1582 1152 1706 1205 οὔτε

131 1251 432 1322 ἐκρατεῖτο,
462 1247 584 1300 οὔτε
629 1249 694 1299 ὲκ
741 1247 927 1308 παιδὸς
985 1248 1063 1309 εἰς
1108 1246 1275 1317 ἄνδρα
1316 1244 1597 1316 ηὑξὶινετο.
1642 1246 1707 1298 Τί

129 1339 257 1405 οὒν;
318 1340 601 1410 ὁμολογεῖς
658 1338 752 1391 ἐπὶ
809 1336 1085 1409 Χριστοῦ,
1121 1338 1220 1409 τὴν
1277 1339 1556 1409 ἀναίρεσιν
1613 1337 1707 1390 τοῦ

131 1430 458 1500 χρώματος,
532 1429 626 1481 καὶ⁹
681 1429 1003 1499 σχήματος,
1068 1429 1164 1481 καὶ
1215 1429 1325 1482 τῶν
1386 1430 1511 1500 ἑξῆς
1563 1429 1710 1481 ἐκτε-

132 1520 332 1573 Θέντων
348 1537 362 1585 ;

193 1615 382 1679 Αἱρεῖ.
408 1611 500 1680 Μὴ
530 1611 761 1679 γένοιτο.

204 1704 429 1771 Ὀρθέδ.
470 1703 787 1772 Ὀμολογεῖς
834 1698 943 1774 ἆρα
961 1703 1060 1773 τὴν
1101 1702 1337 1774 ὓπαρξιν
1370 1702 1581 1767 αὑτῶνς

201 1798 393 1862 Αἰίετ.
435 1792 736 1861 Ὁμολογῶ.

206 1885 427 1952 Ὀρθόδ.
463 1883 630 1948 Τίδέ;
654 1883 776 1953 οὑχ).
810 1882 980 1936 ταῦτά
1011 1883 1125 1937 ἐστι
1186 1882 1240 1936 δὲ
1277 1882 1581 1953 impun;

212 2063 395 2121 Ai,r£t.
432 2059 554 2120 Πῶς
586 2058 695 2127 γάρ
718 2055 810 2121 οὓς

212 2150 434 2217 Ὀρθόϐ.
469 2151 625 2204 Μετὰ
669 2150 979 2219 ἰδιωμάτων
1011 2150 1119 2220 ἄρα
1152 2145 1263 2219 εἶχε
1304 2149 1404 2219 τὴν
1436 2150 1710 2220 ἡμετέραν

135 2244 298 2313 φύσιν
330 2247 356 2296 ὀ
387 2242 640 2312 Χριστός.
665 2240 829 2304 Φύσις
869 2241 926 2293 δὲ
964 2242 1102 2311 μετὰ
1142 2240 1449 2310 ἰδιωμάτων
1475 2241 1709 2294 ὑπόστα-

138 2336 225 2399 σις
260 2336 480 2404 sat-91,9,
514 2335 574 2386 οὑ
598 2335 747 2386 δοκεῖ
785 2349 902 2398 σοις

207 2532 399 2595 Αἱρεῖ.
446 2529 594 2582 Πάνυ
625 2530 722 2599 μὲν
749 2529 862 2583 οὖν.

209 2620 438 2685 Ὀρθίδ.
488 2620 823 2674 ’Υπόστασιν
863 2621 969 2689 ἄρα
1016 2623 1343 2692 προσέλαϐε,
1380 2625 1475 2678 καὶ
1514 2625 1576 2678 οὑ
1614 2624 1718 2697 μό-

134 2729 235 2782 νην
265 2712 360 2781 τὴν
388 2713 570 2781 φύσιν,
599 2713 672 2775 ὡς
698 2714 1030 2785 προέθηκας.
1320 2710 1325 2715 ’

210 2807 405 2871 Αἰρετ.
450 2804 641 2866 Οὕτως
674 2804 807 2873 ἔχει.

214 2893 443 2962 Ὀρθίδ.
494 2894 653 2948 Ἀλλὰ
688 2898 781 2964 καὶ
808 2897 965 2949 τοῦτο
997 2897 1276 2953 ἀδύνατον.

208 2989 400 3053 Αιρετ.
434 2987 543 3040 Καὶ
575 2986 737 3038 πόθεν
771 2986 914 3056 ἔχεις
946 2989 1151 3053 δεῖξαι;

212 3077 443 3144 Ὀρθόδ.
486 3079 594 3130 Καὶ
621 3077 729 3148 γὰρ
777 3080 893 3147 ἦτοι
926 3080 1210 3149 ήνὼὒησαν
1248 3082 1304 3134 αἱ
1368 3082 1714 3147 ὑποστάσεις,

1544 395 1939 457 OPUSCULA
1955 439 1969 454 .
3244 384 3378 455 1578

1732 518 1776 572 Α
1878 507 2079 561 Ηαννεθ.
2104 503 2387 559 Naturam.

1878 597 2105 654 Ot't/tod.
2152 594 2378 661 Deinde,
2434 606 2560 647 cum
2624 589 3069 661 proprietatibus,
3119 606 3185 643 ar.
3260 596 3380 649 sine

1804 678 2275 758 proprietatibus?

1878 780 2077 835 "mret.
2141 780 2322 834 Solam
2355 788 2607 833 naturam
2660 776 2865 850 accepit
2910 777 3028 832 sine
3072 778 3381 848 preprieta-

1806 872 1972 926 tibus.

1880 960 2104 1017 Orlltod.
2158 960 2513 1031 Relinquitur
2567 960 2753 1030 igitur,
2788 969 2849 1015 ut
2901 961 3019 1016 sine
3074 962 3276 1025 colore,
3329 971 3385 1015 ct

1809 1053 2004 1123 ﬁgura,
2038 1062 2092 1107 ct
2126 1054 2382 1107 mistione
2408 1053 2831 1121 elementorum,
2862 1060 2915 1106 et
2955 1053 3075 1109 sine
3109 1055 3380 1121 magnitu-
3430 1044 3433 1047 λ

1808 1145 1959 1198 dine.
2016 1144 2380 1209 Quamobrem
2432 1159 2608 1212 neque
2642 1144 3060 1213 agnoscebatur,
3096 1161 3275 1215 neque
3306 1147 3384 1199 vi-

1810 1239 2061 1301 debatur.
2101 1255 2280 1309 neque
2320 1240 2633 1303 tenebatur,
2680 1256 2859 1309 neque
2885 1241 3191 1305 crescebat,
3223 1250 3282 1295 ut
3318 1258 3384 1297 ex

1812 1347 1983 1400 puero
2024 1332 2179 1386 ﬁeret
2218 1331 2320 1385 vir.
2354 1330 2493 1397 Quid
2534 1332 2739 1400 igitur?
2790 1333 3068 1386 conﬁteris
3102 1333 3386 1387 interitum

1811 1424 2034 1485 coloris.
2066 1433 2118 1478 et
2147 1424 2331 1493 ﬁgura:
2358 1432 2411 1477 et
2439 1424 2694 1489 aliorum,
2720 1440 2841 1492 quae
2869 1427 3119 1495 exposita
3147 1433 3295 1491 sunt,
3333 1428 3385 1480 in

1810 1512 2067 1569 Christo?

1890 1603 2091 1659 Ilwret.
2126 1604 2366 1661 Minime.

1886 1696 2109 1751 Ortlwd.
2135 1698 2429 1754 Conﬁteris
2453 1699 2619 1768 igitur
2648 1697 2820 1755 fuisse
2849 1699 2963 1754 haec
2994 1701 3046 1754 in
3081 1701 3179 1755 eo?

1886 1787 2088 1842 eret.
2124 1789 2421 1844 Conﬁteor.

1737 1858 1783 1919 Β
1885 1879 2110 1935 Orthod.
2178 1878 2391 1944 Quid?
2453 1879 2651 1937 Annon
2702 1889 2831 1937 sunt
2902 1881 3015 1937 haec
3086 1883 3393 1953 proprieta-

1814 1972 1932 2026 tes?

1888 2062 2089 2117 Ha’ret.
2114 2063 2225 2119 Cur
2249 2065 2389 2119 non?

1886 2152 2112 2209 Ortlwd.
2170 2154 2371 2209 llabuit
2428 2156 2591 2227 igitur
2625 2156 2882 2213 Christus
2932 2164 3182 2211 naturam
3229 2156 3391 2229 413

1814 2253 2061 2300 nostram
2102 2262 2226 2302 cum
2282 2249 2752 2318 proprietatibus:
2786 2258 2982 2303 natura
3043 2257 3224 2303 autem
3266 2264 3392 2303 cum

1817 2340 2249 2409 proprietatibus
2335 2341 2649 2412 liypostasis
2742 2351 2857 2398 est.
2913 2344 3109 2399 Annon
3174 2345 3394 2399 videtur

1816 2431 1952 2487 tibi?

1893 2522 2093 2578 Hmret.
2128 2522 2378 2579 Maxime.

1895 2616 2118 2671 Orthod.
2169 2616 2515 2688 ilypostasim
2549 2633 2678 2689 ergo
2709 2619 3041 2690 assumpsit;
3077 2627 3129 2674 et
3164 2635 3268 2675 non
3299 2634 3393 2676 so-

1816 2708 1923 2761 lam
1953 2712 2226 2770 naturam,
2264 2718 2322 2762 ut
2346 2709 2496 2778 prius
2533 2710 2784 2779 posuisti.

1887 2800 2083 2852 eret.
2121 2797 2207 2854 Sic
2240 2808 2345 2854 est.

1893 2888 2114 2943 Orllwd.
2151 2891 2215 2943 At
2252 2891 2354 2944 hoc
2397 2891 2512 2945 ﬁeri
2541 2906 2645 2946 non
2679 2899 2876 2961 potest.

1896 2978 2094 3034 lla'ret.
2122 2980 2185 3034 Et
2217 2982 2360 3035 unde
2391 2982 2493 3036 hoc
2526 2982 2723 3037 docere
2746 2984 2946 3053 potes?

1894 3072 2118 3127 Orthod.
2154 3074 2288 3140 Quia
2320 3074 2401 3127 vel
2429 3074 2594 3129 unita:
2622 3086 2751 3129 sunt
2780 3077 3134 3145 bypostases,
3195 3081 3275 3135 vel
3308 3096 3395 3135 re-

138 3170 173 3235 ἣ
208 3170 431 3237 ἔμειναν
470 3170 875 3240 κεχωρισμέναι
899 3184 914 3197 ⁸
944 3172 992 3223 εἰ
1030 3171 1128 3241 μὲν
1160 3168 1252 3226 οὖν
1288 3177 1713 3245 κεχωρισμέναι,

1821 3173 2141 3218 manserunt
2168 3176 2455 3234 separatae,
2492 3174 2548 3220 et
2582 3176 2713 3220 tunc
2750 3166 3007 3221 Christus
3036 3167 3139 3221 erit
3165 3168 3292 3233 duo,
3341 3179 3396 3225 et

135 3260 237 3313 δύο
268 3260 445 3323 ἔσται,
474 3264 501 3314 ὁ
526 3262 780 3331 Χριστὸς,
816 3262 909 3314 καὶ
934 3263 1031 3331 οὑχ
1077 3258 1178 3327 εἷς.
1218 3265 1279 3318 Εἰ
1323 3263 1415 3320 οὖν
1448 3268 1580 3338 σέϐῃ
1626 3269 1717 3321 τὸν

137 3347 380 3418 Χριστὶν
432 3348 524 3403 δύο
574 3350 733 3411 ὄντα,
778 3351 909 3420 σέϐῃ
958 3351 1016 3403 δὲ
1067 3351 1157 3404 τὸν
1207 3354 1459 3425 Πατέρα,
1518 3357 1613 3409 καὶ
1659 3360 1719 3412 τὸ

138 3440 368 3507 Πνεῦμα
388 3441 571 3504 αὑτοῦ,
595 3441 852 3511 τετράδος
877 3443 1240 3508 κινδυνεύσεις
1266 3447 1532 3519 σεϐαστὴς
1555 3444 1716 3504 εἶναι.

140 3530 209 3585 Ei
259 3532 318 3585 δὲ
349 3532 636 3601 ἡνὼοησαν
668 3536 722 3586 αἱ
764 3535 1089 3600 ὑποστάσεις
1136 3540 1214 3601 ei;
1255 3540 1382 3609 μίαν
1418 3542 1719 3595 ὑπόστασιν

141 3623 425 3681 σύνθετον.
475 3623 694 3694 ἔσταιὴ
741 3625 995 3690 σύνθετος
1048 3628 1364 3695 ὑπόστασις,
1412 3631 1537 3685 οὔτε
1599 3634 1720 3688 Θεία

138 3714 426 3784 καθαρῶς,
460 3715 581 3767 οὐδὲ
628 3715 965 3785 ἀνθρωπεία,
1007 3719 1143 3773 ἀλλὰ
1184 3721 1347 3790 μέσον
1376 3722 1599 3778 τούτων.
1654 3727 1718 3779 Εἰ

136 3805 200 3856 δὲ
235 3804 486 3867 σύνθετος
513 3806 808 3869 ὑπόστασις
842 3809 1072 3876 Χριστός
1103 3811 1270 3873 ἐστιν,
1298 3815 1324 3866 ὁ
1354 3814 1588 3884 Χριστὸς
1613 3815 1720 3886 ἄρα

136 3897 291 3950 κατὰ
333 3899 388 3948 σὲ
440 3897 563 3949 οὔτε
616 3900 737 3951 Θεία
776 3901 1074 3965 ὑπόστασές
1129 3906 1296 3969 ἐστιν,
1328 3906 1449 3961 οὔτε
1504 3909 1718 3981 ἀνθρω-

137 3985 303 4049 πεία,
334 3986 469 4037 ἀλλὰ
504 3990 668 4053 μέσον
703 3989 836 4041 Θεοῦ
894 3992 986 4044 καὶ
1019 3992 1334 4064 ἀνθρώπου.
1380 3997 1540 4052 Ἀλλὰ
1590 4017 1721 4069 φευ-

137 4075 310 4128 κτέον
364 4076 464 4146 τὴν
514 4079 786 4132 ἀσέϐειαν.
824 4081 945 4143 Πῶς
998 4078 1089 4136 οὖν
1146 4084 1292 4148 λύεις
1340 4088 1470 4157 ἡμῖν
1512 4088 1602 4142 τὸν
1634 4090 1721 4143 λό-

136 4183 247 4232 γον
274 4183 288 4230 ἶ

216 4264 409 4327 Αἱρεῖ.
451 4260 715 4330 Οὖδαμῶς
768 4263 953 4326 ἱκανός
1016 4266 1169 4335 εἰμι’
1216 4268 1576 4340 χαριζόμενος
1626 4269 1723 4329 οὖν

135 4351 305 4418 ἡμῖν,
338 4349 568 4415 δίδαξον,
614 4352 667 4403 τί
702 4353 1039 4423 προσέλαϐεν
1087 4358 1115 4409 ὁ
1166 4360 1426 4428 Χριστὸς,
1462 4362 1643 4431 φύσιν,
1686 4366 1718 4437 ἦ

136 4439 449 4494 ὑπόστασιν
472 4457 486 4503 ;

221 4531 449 4597 Ὀρθόδ.
493 4533 680 4587 Φύσιν.

216 4625 411 4689 Διρετ.
452 4625 607 4677 Μετὰ
640 4626 1019 4699 ξδιωμάτων,ἣ
1047 4630 1174 4685 ἄνευ
1204 4634 1439 4701 τοὺτωνς

221 4711 451 4779 Ὄρθόδ,
495 4715 647 4767 Μετὰ.
680 4716 1008 4786 ἰδιωμάτων.

219 4808 410 4869 Αἱρεῖ.
465 4806 794 4861 Ὑπόστασιν
822 4810 929 4879 ἄρα
956 4814 1331 4883 προσέλαϐενς

222 4895 452 4960 Ὀρθόό.
494 4896 567 4949 Οὐ
596 4898 749 4967 δῆτα.
1376 4904 1381 4907 ’

222 4988 396 5050 Λίρετ
460 4986 569 5039 Καὶ
604 4988 768 5042 πόθεν
796 4990 990 5060 δῆλον;

221 5077 454 5141 Ὀρθόὃ.
506 5077 645 5145 Ἐγώ
681 5096 762 5132 σοι
812 5084 1030 5151 φράσω.
1071 5087 1226 5139 Ἔστι
1271 5090 1371 5157 μὲν
1416 5092 1525 5162 γάρ
1569 5111 1644 5160 τι,
1696 5093 1724 5147 ὃ

121 5164 367 5229 λέγεται
392 5166 709 5230 ὑπόστασις,
735 5167 850 5221 ἔστι
874 5172 929 5224 δέ
953 5190 1026 5237 τι,
1043 5174 1070 5225 ὃ
1093 5173 1305 5241 λέγεται
1337 5179 1719 5249 ὑποστατικὸν,

121 5254 321 5322 ἤγουν
345 5254 441 5319 τῆς
473 5255 845 5323 ὑποστάσεως,
876 5259 971 5311 καὶ
1008 5262 1184 5314 κοινὸν
1229 5266 1558 5337 άμεροτέρων
1606 5270 1723 5322 ἐστὶ

120 5344 213 5395 τὸ
245 5345 565 5409 συγκεῖσθαι
600 5348 661 5399 ἐκ
688 5347 902 5416 φὺεεως
925 5353 1017 5403 καὶ
1051 5352 1375 5421 ἰδιωμάτων.
1394 5359 1719 5429 Διαφέρουσι

115 5436 230 5497 δὲ,
254 5435 333 5487 ὃτι
368 5437 399 5503 ἠ
433 5437 533 5504 μὲν
556 5439 851 5502 ὑπόστασις
876 5443 973 5494 οὐκ
997 5443 1111 5496 ἔστι
1141 5445 1304 5514 μέρος
1328 5448 1491 5513 τινὸς,
1515 5450 1655 5502 ὥστε
1673 5452 1717 5485 ⁷⁸

120 5526 450 5589 ὑπόστασίς
480 5530 616 5593 ἐστι,
643 5528 704 5581 τὸ
731 5530 788 5583 δὲ
823 5531 980 5603 σῶμα
1011 5534 1105 5586 τοῦ
1142 5535 1349 5607 Πέτρου
1384 5538 1549 5609 μέρος
1579 5542 1716 5608 ἐστὶ,

1821 3270 1927 3308 non
1982 3271 2145 3309 unus.
2189 3256 2370 3322 Quare
2410 3256 2456 3311 si
2504 3257 2640 3310 colis
2670 3256 2974 3324 Christum,
3022 3258 3114 3327 qui
3156 3261 3227 3313 sit
3260 3261 3393 3322 duo.

1821 3347 1957 3401 colis
2004 3349 2167 3401 etiam
2203 3347 2439 3412 Patrem,
2473 3348 2815 3417 et_Spiritutn
2847 3347 2965 3417 ejus
2999 3368 3013 3403 :
3055 3366 3185 3420 ergo
3215 3353 3396 3406 cultor

1821 3448 2055 3507 quatuor
2082 3438 2285 3493 videris
2323 3449 2464 3493 esse.
2498 3438 2554 3491 Si
2586 3449 2765 3493 autem
2792 3440 2958 3493 unita:
2981 3448 3108 3494 sunt
3146 3441 3198 3494 in
3228 3457 3394 3496 unam

1819 3529 2156 3600 hypostasim
2192 3531 2567 3599 compositam,
2599 3530 2703 3585 erit
2732 3530 3044 3602 hyposlasis
3066 3534 3390 3601 composita,

1821 3636 1996 3690 neque
2038 3637 2184 3675 mere
2220 3628 2275 3674 et
2310 3637 2447 3690 pure
2503 3622 2684 3676 divina
2719 3660 2733 3684 ,
2767 3637 2944 3691 neque
2985 3623 3244 3686 humana,
3295 3623 3392 3679 sed

1820 3712 2162 3766 intermedia.
2196 3712 2252 3765 Si
2284 3722 2467 3765 autem
2494 3711 2753 3767 Christus
2778 3713 3090 3783 hypostasis
3117 3717 3394 3784 composi-

1822 3812 1874 3858 ta
1899 3813 2003 3867 est,
2026 3804 2280 3860 Christus
2308 3805 2475 3875 igitur
2509 3806 2763 3875 opinione
2803 3816 2891 3860 tua
2925 3822 3103 3879 neque
3131 3807 3395 3878 hyposta-

1820 3896 1899 3951 sis
1958 3895 2139 3957 divina
2181 3905 2285 3959 est,
2348 3911 2524 3965 neque
2576 3897 2836 3961 humana,
2887 3897 2983 3951 sed
3034 3900 3210 3953 media
3250 3901 3391 3957 inter

1822 3986 1990 4041 Deum
2019 3998 2072 4041 et
2107 3988 2382 4043 homines.
2417 3989 2485 4041 At
2514 3988 2770 4059 fugienda
2815 4000 2899 4045 est
2946 3990 3218 4060 impietas.
3247 3991 3395 4055 Quo-

1823 4079 1989 4135 modo
2018 4079 2184 4150 igitur
2216 4080 2383 4136 solvis
2412 4080 2572 4137 nobis
2588 4081 3011 4151 argumentum?

1894 4266 2095 4320 eret.
2144 4263 2263 4320 Non
2297 4281 2417 4321 sum
2458 4264 2688 4322 idoneus
2736 4266 2804 4322 ad
2834 4266 3182 4323 solvendum.
3215 4267 3397 4334 Quare

1825 4355 1880 4410 in
1907 4356 2131 4426 gratiam
2164 4367 2430 4424 nostram,
2453 4358 2609 4422 doce,
2643 4358 2776 4427 quid
2804 4359 3101 4429 assumpsit
3125 4359 3396 4425 Christus,

1824 4456 2171 4513 naturamne,
2212 4466 2280 4503 an
2308 4451 2688 4523 hypostasim?

1755 4531 1802 4586 D
1904 4538 2129 4594 Orthod.
2163 4539 2445 4597 Naturam.

1896 4630 2101 4686 Han-et.
2137 4633 2273 4687 Cum
2306 4635 2759 4704 proprietatibus,
2790 4650 2858 4690 an
2893 4635 3158 4691 sine‘his?

1901 4719 2125 4775 Ortltad.
2157 4720 2292 4775 Cum
2327 4724 2774 4793 proprietatibus.

1896 4809 2100 4865 Ha'ret.
2135 4809 2483 4881 Hypostasim
2504 4814 2668 4883 igitur
2696 4816 3018 4884 assumpsit.

1898 4900 2123 4956 Orthod.
2152 4902 2391 4957 Minime.

1900 4996 2099 5051 litaret.
2137 4996 2202 5051 Et
2234 4996 2379 5052 unde
2411 4997 2512 5052 hoc
2538 4998 2795 5053 constat?

1898 5088 2124 5143 Orthod.
2165 5088 2275 5156 Ego
2306 5090 2405 5142 tibi
2459 5092 2765 5160 explicabo.
2822 5088 2921 5143 Est
2969 5089 3115 5142 enim
3171 5089 3398 5158 aliquid,

1827 5180 1974 5249 quod
2006 5180 2208 5235 dicitur
2246 5182 2598 5252 bypostasis;
2630 5190 2787 5235 etest
2811 5180 3016 5250 aliquid
3048 5222 3063 5244 ,
3091 5180 3235 5249 quod
3262 5180 3403 5234 dici.

1823 5280 1911 5324 tur
1942 5272 2369 5342 bypostaticum,
2399 5283 2450 5325 et
2474 5286 2763 5326 commune
2792 5272 3004 5340 utrique
3032 5279 3115 5325 est
3146 5268 3400 5338 componi

1827 5376 1891 5415 ex
1930 5370 2123 5416 natura
2153 5371 2205 5416 et
2242 5364 2685 5432 proprietatibus.
2726 5362 2989 5416 Diﬂ'erunt
3031 5368 3234 5425 tamen,
3271 5360 3402 5429 quia

1830 5457 2140 5526 hypostasis
2159 5473 2265 5511 non
2288 5465 2371 5511 est
2398 5472 2524 5525 pars
2549 5456 2816 5525 alicujus;
2843 5455 3244 5528 hypostaticum
3276 5467 3403 5506 rem

1828 5562 1956 5615 pars
1978 5556 2082 5602 est.
2106 5546 2266 5603 Verbi
2301 5547 2494 5619 gratia,
2534 5546 2730 5602 Petrus
2750 5552 2965 5601 nonest
2988 5560 3114 5615 pars
3143 5542 3400 5612 alicujus,

1441 5718 1670 5776 VARlAE
1711 5722 2118 5781 LECT-lONES.

176 5800 235 5833 “
271 5801 660 5856 Desiderantur
696 5800 785 5853 hic
813 5802 1062 5870 quaedam
1097 5804 1149 5859 in
1179 5805 1387 5862 Grmco.

390 5893 656 5954 PATROL.
697 5896 810 5954 Gn.
838 5896 1068 5957 XCVII.

2994 5906 3071 5971 50
