4086 6454
189 379 325 448 1581

188 604 301 650 σις.

255 677 489 746 Ὀρθόδ.
540 677 682 731 ’Δλλ⁹
706 678 808 732 οὐκ
838 680 1129 749 ἀντίφασις
1164 682 1344 737 τοῦτο.
1377 683 1451 736 UO
1487 683 1596 751 γὰρ
1626 681 1768 736 κατὰ

180 766 247 820 τὸ
290 767 423 821 αὑτό
470 768 590 821 ἐστι
643 769 738 823 καὶ
784 768 937 833 Θεὸς,
967 772 1059 823 καὶ
1104 771 1166 823 οὐ
1207 772 1359 838 Θεὸς,
1399 773 1491 825 ἵνα
1536 771 1765 842 γένηται

182 859 495 925 ἀντίφασις.
525 858 739 930 Ὠσπερ
777 861 886 928 γὰρ
923 865 951 916 ὁ
996 862 1286 932 ἄνθρωπος
1341 865 1622 935 αἰσθητὸν,
1672 865 1767 917 καὶ

179 951 284 1003 οὐκ
310 950 570 1022 αἰσθητόν
597 954 714 1007 ἐστι
747 953 871 1007 κατ’
900 954 1049 1019 ἄλλο,
1084 958 1177 1008 καὶ
1205 956 1361 1011 ἄλλο’
1405 958 1544 1010 κατὰ
1578 956 1679 1026 μὲν
1703 956 1764 1010 τὸ

183 1042 367 1111 σῶμα,
399 1044 681 1113 αίσθητὺν,
715 1046 811 1099 καὶ
840 1048 943 1099 οὐκ
963 1046 1219 1116 αἰσθητὸν
1247 1048 1390 1101 κατὰ
1418 1049 1518 1117 τὴν
1542 1048 1720 1119 ψυχήν
1739 1065 1753 1079 υ

182 1135 280 1185 καὶ
326 1135 427 1187 οὐκ
472 1137 764 1205 ἀντίφασις
821 1137 1015 1191 τοῦτο·
1045 1139 1185 1192 κατᾶ
1215 1139 1306 1191 τὸν
1344 1136 1461 1193 ἴσον
1489 1141 1589 1210 τῆς
1629 1141 1761 1210 ἀληο

179 1226 335 1288 θείας
379 1227 580 1297 τρόπον
631 1230 781 1280 ἐστὶν
828 1230 857 1282 ὁ
910 1230 1147 1299 Χριστὸς
1178 1231 1330 1293 Θεὸς,
1362 1234 1459 1285 καὶ
1485 1234 1547 1286 οὐ
1602 1233 1756 1297 Θεὸς,

179 1319 305 1370 κατ’
337 1318 485 1384 ἄλλο,
513 1322 607 1375 καὶ
628 1319 778 1383 ἄλλο,
813 1321 906 1373 καὶ
941 1324 1040 1373 οὐκ
1062 1322 1354 1392 ἀντίφασις
1384 1323 1579 1377 τοῦτο’
1616 1324 1758 1378 κατὰ

180 1408 283 1475 μὲν
322 1409 431 1481 γὰρ
474 1410 575 1480 τὴν
609 1412 841 1481 θεότητα
876 1413 1029 1476 Θεὸς,
1070 1416 1212 1469 κατὰ
1239 1417 1293 1470 δὲ
1329 1417 1428 1488 τὴν
1468 1416 1756 1486 ἀνθρωπό-

175 1517 337 1571 τητα,
368 1505 427 1555 οὐ
454 1502 607 1566 Θεός.
636 1504 743 1557 Καὶ
776 1505 951 1559 ταῦτα
978 1505 1173 1570 οὕτως.

1612 380 1847 443 OPUSC
1856 381 1996 442 ULA
2010 430 2022 443 .

257 498 453 566 Λίρετ.
496 495 630 560 θεὸς
679 494 810 569 ἄρα,
868 496 961 553 καὶ
1017 497 1077 553 οὖ
1136 499 1306 565 Θεὸς,
1358 502 1494 572 ὅπερ
1538 501 1735 568 ἀντίφα

1944 498 2147 554 llwn-t.
2191 498 2334 556 Deus
2375 500 2547 574 igitur
2584 513 2638 560 et
2691 518 2799 560 non
2850 504 3015 572 Deus,
3058 524 3179 580 qua.-
3216 514 3436 581 quidem

3303 399 3439 469 158?.

1869 592 2234 647 contradictio
2265 603 2369 649 est.

1939 682 2164 738 Ortliod.
2201 685 2269 738 At
2303 701 2413 741 non
2447 696 2532 741 est
2565 689 2680 744 haec
2710 691 3097 749 contradictio.
3123 693 3245 751 Non
3288 699 3438 754 enim

1867 777 2173 830 secundum
2211 778 2354 833 idem
2388 788 2474 834 est
2505 778 2653 837 Deus
2688 791 2742 836 et
2772 799 2880 839 non
2921 784 3086 855 Deus,
3110 797 3171 843 ut
3201 791 3273 846 sit
3311 808 3439 847 ουιι-

1866 866 2143 922 tradictio.
2168 867 2323 924 Sicut
2347 872 2495 926 enim
2525 874 2690 928 homo
2713 884 2799 930 est
2824 878 2929 933 sub
2959 894 3183 937 sensum
3209 885 3435 949 cadens,

1865 967 1922 1013 et
1977 974 2087 1015 non
2139 963 2245 1018 sub
2294 978 2516 1019 sensum
2564 967 2769 1023 cadens
2817 969 3118 1026 secundum
3172 974 3319 1031 aliud
3384 989 3437 1031 et

1864 1049 2044 1119 aliud;
2121 1055 2423 1111 secundum
2474 1059 2622 1112 enim
2674 1074 2878 1132 corpus
2925 1064 3030 1119 sub
3070 1080 3292 1123 sensum
3337 1084 3436 1123 ca-

1863 1141 1962 1205 dit,
2000 1144 2305 1198 secundum
2330 1161 2465 1200 vero
2491 1149 2729 1204 animam
2763 1167 2874 1208 non
2911 1155 3081 1211 cadit.
3118 1155 3184 1212 Et
3213 1174 3320 1214 non
3351 1172 3435 1216 est
3490 1218 3491 1221 η

1865 1233 1983 1289 lucc
2012 1236 2383 1292 contradictio
2438 1242 2741 1296 secundum
2786 1247 3031 1314 regulam
3076 1264 3283 1306 veram.
3342 1251 3434 1308 Sic

1861 1326 2122 1383 Christus
2172 1328 2316 1385 Deus
2375 1339 2432 1386 et
2475 1348 2585 1389 non
2635 1334 2779 1393 Deus
2826 1342 3126 1397 secundum
3177 1346 3326 1404 aliud
3379 1359 3435 1404 et

1866 1419 2038 1484 aliud,
2064 1427 2119 1473 et
2145 1436 2254 1475 non
2289 1431 2372 1479 est
2402 1425 2518 1479 haec
2548 1430 2947 1488 contradictio:
2968 1439 3268 1493 secundum
3286 1441 3432 1513 enim

1863 1510 2207 1567 divinitatem
2231 1514 2393 1578 Deus,
2424 1521 2726 1576 secundum
2757 1539 2887 1580 vero
2901 1525 3293 1586 humanitatem
3322 1510 3429 1587 non

1864 1599 2028 1655 Deus.
2060 1604 2138 1656 Ac
2162 1603 2229 1658 de
2261 1605 2347 1660 bis
2374 1606 2660 1665 hactenus.

1726 1730 1917 1787 XXXI.

294 1841 618 1911 Ἐρώτησις
673 1845 1147 1914 “Ω,οιγενιαστοῦ,
1199 1844 1349 1913 πρὸς
1400 1847 1642 1900 πιστόν.

1876 1847 1883 1851 ’
1925 1849 2090 1923 415
2127 1852 2368 1918 Quwstio
2396 1875 2552 1928 quam
2587 1863 2888 1931 Origenista
2920 1865 3070 1935 ﬁdeli
3097 1874 3393 1941 proposuit.

1451 1954 1775 2007 Gcnebrardo
1799 1956 2097 2022 interprete.

515 2039 899 2109 ’AE-‘ovxapric.
936 2040 1405 2109 Ὠριγειίαστής.

2329 2051 2600 2109 Abucara.
2641 2054 2964 2129 Origem'sta.

256 2132 719 2201 Ὠριτσνιαστής.
761 2133 900 2187 Ποία
944 2133 1287 2204 δικαιοσύνη,
1334 2133 1485 2196 δέκα,
1536 2132 1568 2203 ἢ
1624 2148 1738 2225 τῖεν·

1930 2134 2259 2207 Origenista.
2293 2143 2435 2206 Quid
2461 2145 2605 2213 juris
2637 2124 2891 2205 hoc-est?
2919 2162 2979 2207 ut
3007 2155 3099 2225 qui
3135 2160 3292 2216 annis
3326 2165 3423 2219 dc-

170 2227 407 2292 τήκοντα
471 2224 695 2293 χρόνους
753 2225 1172 2297 ἁμαρτήσαντος
1232 2241 1402 2288 τινος,
1442 2224 1738 2294 μυριάδας,

174 2317 375 2383 μᾶλλον
431 2317 489 2368 δὲ
540 2317 930 2389 ἀτελευτήτους
992 2316 1194 2378 αἰῶνας
1239 2311 1379 2369 εἶναι
1435 2314 1531 2386 τὴν
1576 2315 1738 2368 κόλα-

171 2421 292 2470 etv;

242 2497 632 2564 ‘Aé'ovxaj;&c.
686 2499 797 2554 Καὶ
852 2498 907 2552 τί
956 2500 1102 2554 ἔστιν
1146 2501 1179 2567 ἡ
1216 2496 1534 2570 δικαιοσύνη
1588 2500 1739 2572 παρὰ

171 2588 289 2652 eoi;

239 2678 416 2747 Ὢμγ.
458 2680 530 2732 Τὸ
585 2681 725 2734 κατᾶ
775 2682 1068 2750 ἀναλογίαν
1116 2683 1215 2754 τῆς
1267 2685 1543 2757 ἁμαρτίας
1598 2676 1739 2740 εἶναι

171 2773 263 2823 καὶ
298 2772 395 2839 τὴν
426 2773 667 2835 κόλασιν,
701 2772 847 2827 τοῦτ’
885 2773 1053 2837 ἔστιν,
1079 2776 1237 2839 εἴτις
1264 2778 1479 2848 ἥμαρτε
1513 2777 1739 2849 χρόνους

170 2865 531 2935 πεντήκοντα,
586 2864 774 2918 τοῦτον
837 2866 1174 2937 κολασθῆναι
1229 2870 1519 2933 τοσούτους
1539 2869 1738 2939 πεντή-

170 2971 353 3007 κοντα.

240 3043 471 3099 Ἀϐουκ.
521 3045 615 3098 Ἐκ
651 3046 832 3100 πόσων
862 3048 1081 3119 τρόπων
1110 3048 1206 3119 τὴν
1229 3051 1576 3121 δικαιοσύνην
1607 3068 1740 3120 μαν-

170 3135 440 3205 θάνομεν;
478 3137 571 3189 καὶ
601 3138 768 3192 πόθεν
798 3141 863 3194 σὺ
885 3140 1092 3211 ταύτην
1122 3142 1355 3211 ἕμαθεςς

240 3227 416 3295 ’.Ωριτκ
456 3228 591 3280 Εἰπὲ
625 3230 714 3293 σὺ,
750 3232 815 3283 ἐκ
848 3230 1066 3297 πόσων;

237 3319 470 3373 Ἀϐουκ.
513 3321 699 3373 Iliam
728 3320 1097 3393 δικαιοσύνην,
1140 3324 1173 3394 ἦ
1209 3325 1274 3379 ὲκ
1302 3324 1396 3379 τοῦ
1440 3326 1606 3395 νόμου
1643 3326 1738 3380 τοῦ

166 3407 376 3478 Θεοῦ,ἢ
411 3410 473 3461 ἐκ
507 3409 615 3462 τῶν
644 3409 948 3480 ἀνθρώπων
978 3413 1244 3466 τεθέντων
1265 3415 1465 3484 νόμων,
1493 3416 1525 3486 ἢ
1552 3416 1616 3467 ὲκ
1639 3416 1736 3486 τῆς

170 3496 379 3564 φύσεως
396 3497 503 3550 τῶν
526 3500 865 3569 πραγμάτων
881 3499 1247 3572 γινώσκομεν.
1264 3503 1502 3574 Οὐδεμία
1531 3504 1586 3557 δὲ
1614 3504 1734 3557 τού-

172 3606 279 3642 των
308 3589 619 3660 δικαιοσύνη
658 3591 927 3661 χρονικῶς
960 3593 1060 3663 τὴν
1101 3593 1325 3648 κὸλασιν
1374 3598 1535 3649 ποιεῖ.
1585 3590 1733 3662 οἷον,

170 3678 421 3748 πορνεύει
455 3696 562 3743 τις,
604 3680 636 3751 ἦ
670 3680 915 3745 κλέπτει,
947 3682 980 3753 ἢ
1032 3682 1267 3750 φονεύει,
1306 3685 1435 3754 μίαν
1469 3685 1639 3757 ὤραν.
1679 3688 1737 3740 '0

164 3770 221 3823 δὲ
269 3770 432 3839 νόμος
459 3770 554 3822 τοῦ
603 3770 760 3838 Θεοῦ,
814 3773 913 3826 καὶ
955 3776 1004 3828 οἱ
1053 3774 1163 3827 τῶν
1219 3776 1526 3846 ἀνθρώπων
1582 3779 1735 3849 νόμοι

168 3862 485 3929 φονεύοντες
530 3864 621 3915 τὸν
674 3864 869 3933 φονέα,
911 3866 1007 3919 καὶ
1056 3864 1378 3930 κολάζοντες
1427 3867 1521 3921 τὸν
1554 3870 1735 3940 παρά-

165 3970 348 4023 νομον,
411 3954 530 4024 οὐχὶ
587 3955 716 4024 μίαν
767 3955 916 4025 ὦραν
974 3955 1299 4020 κολάζουσιν
1347 3958 1546 4031 αὐτὸν,
1596 3959 1736 4013 ἀλλὰ

165 4044 479 4113 φονεύοντες
513 4045 613 4116 μὲν
641 4047 804 4100 αὐτὸν
828 4049 908 4111 είς
928 4048 1022 4102 τὸν
1046 4050 1219 4102 αἰῶνα
1247 4049 1410 4102 αὑτὸν
1440 4051 1729 4115 ἐκόλασαν,

164 4137 195 4205 ἦ
229 4136 538 4201 τύπτοντες,
565 4139 730 4192 πολὺν
757 4141 947 4210 χρόνον
972 4142 1161 4209 ἀλγεῖν
1186 4144 1250 4195 ἐκ
1271 4142 1380 4196 τῶν
1398 4146 1730 4215 τραυμάτων

163 4228 702 4297 παρασκευάζουσιν.

233 4400 340 4453 Καὶ
369 4401 433 4455 σὺ
477 4402 555 4467 δὲ,
589 4403 638 4456 εί
688 4404 1011 4473 μοιχεύοντά
1063 4424 1186 4462 τινα
1217 4409 1299 4471 είς
1355 4409 1454 4479 τὴν
1501 4410 1598 4481 σὴν
1628 4428 1727 4480 γυ-

161 4495 341 4557 ναῖκα,
373 4493 406 4563 ἢ
437 4492 711 4562 θυγατέρα
732 4496 1051 4561 κατέλαϐες,
1082 4499 1202 4568 οὐχὶ
1239 4500 1368 4570 μίαν
1403 4500 1553 4572 ὥραν
1579 4503 1729 4573 ἔκρι-

162 4600 253 4644 νας
284 4581 347 4635 ἂν
393 4583 744 4651 κολασθῆναι,
782 4586 918 4641 ἀλλὰ
948 4588 1094 4657 φόνῳ
1136 4591 1549 4661 παραδοθῆναι;
1590 4596 1728 4665 ὅπερ

160 4675 309 4726 ἐστὶν
361 4677 554 4731 αίωνία
611 4677 850 4741 κόλασις.
914 4679 1074 4734 Ἀλλὰ
1117 4682 1211 4735 καὶ
1264 4685 1321 4737 αί
1379 4684 1572 4755 φύσεις
1620 4688 1729 4741 τῶν

161 4768 501 4836 πραγμάτων
564 4769 846 4833 ὡσαύτως.
904 4772 1366 4846 Ἀποτρεπόμενοι
1436 4778 1544 4851 γὰρ
1592 4781 1725 4851 φέρε

159 4858 351 4917 εἰπεῖν,
396 4857 604 4927 ψυχρὸν
654 4858 799 4929 ὕδωρ
847 4864 1013 4925 πιεῖν,
1066 4865 1276 4934 ῆτινος
1322 4867 1565 4936 ἅψασθαι
1618 4871 1726 4923 τῶν

159 4942 527 5011 βλαπτόντων,
551 4947 647 4999 καὶ
676 4948 1109 5018 παραϐαίνοντες
1136 4952 1481 5025 πολυχρονίῳ
1509 4958 1728 5012 κολάσει

158 5036 581 5105 περιπίπτομεν.
615 5037 710 5091 Ἐκ
742 5039 849 5109 γὰρ
874 5039 1253 5112 ψυχροποσίας
1279 5046 1563 5112 πολλάκις,
1593 5048 1625 5119 ἢ
1663 5050 1727 5102 ὲκ

156 5126 251 5179 τοῦ
305 5127 548 5196 ἅψασθαι
599 5130 862 5202 impegi]
916 5132 1029 5197 ὄξει
1071 5135 1401 5204 χρήσασθαι,
1461 5139 1727 5210 διηνεκῶς

158 5217 532 5289 ὲκολάσθημεν
564 5220 725 5291 νόσφ’
770 5223 805 5293 ἡ
851 5222 1096 5291 φύσιςἙὲ
1130 5228 1448 5302 δικαιοτάτη
1478 5231 1616 5284 ἐστί.
1648 5233 1720 5286 Σὺ

156 5308 212 5361 δὲ
268 5311 430 5362 πόθεν
465 5311 627 5382 ἔχεις,
678 5312 711 5383 ἢ
764 5306 923 5384 εὗρες
956 5318 1053 5386 τὴν
1101 5318 1447 5394 δικαιοσύνην
1491 5323 1716 5394 ταύτην,

159 5404 298 5458 εἰπέ.

1736 5711 1808 5725 —

1755 4821 1802 4879 ο

1845 2245 1987 2296 cem,
2012 2234 2097 2286 vel
2127 2236 2525 2307 quinquaginta
2555 2246 2892 2310 peccaverit,
2927 2247 2976 2303 is
3011 2250 3194 2307 decies
3248 2256 3424 2310 mille-

1845 2321 1957 2386 nis,
1991 2322 2103 2378 imo
2132 2327 2295 2382 etiam
2326 2328 2557 2387 inﬁnitis
2584 2335 2805 2392 saeculis
2832 2352 3026 2407 poenas
3054 2341 3208 2399 luat?

1916 2502 2185 2557 Abucnra.
2221 2504 2363 2569 Quid
2392 2522 2521 2563 vero
2545 2508 2759 2579 justitia
2789 2514 2887 2570 tibi
2918 2531 3043 2573 esse
3075 2520 3319 2576 videtur?

1919 2680 2071 2747 Orig.
2104 2680 2176 2736 Ut
2209 2699 2307 2753 pro
2342 2685 2557 2743 ratione
2585 2688 2769 2743 delicti
2802 2705 2965 2760 pugna
2999 2692 3296 2765 inﬂigatur.
3330 2698 3400 2755 Ut

1846 2773 2001 2827 verbi
2034 2776 2232 2843 gratia,
2258 2777 2305 2830 si
2336 2778 2461 2847 quis
2499 2792 2773 2834 annorum
2802 2782 3203 2853 quinquaginta
3239 2795 3418 2863 spatio

1847 2867 2177 2935 peccaverit,
2211 2867 2258 2922 is
2282 2869 2444 2924 annis
2463 2870 2689 2928 totidem
2717 2882 2772 2929 et
2797 2875 3091 2945 plectatur.

1916 3044 2087 3099 Almo.
2150 3045 2421 3112 Quotnam
2482 3049 2660 3104 modis
2706 3049 2979 3120 justitiam
3026 3055 3305 3114 dicimus?
3337 3067 3420 3118 et.

1850 3136 2122 3188 undenam
2159 3145 2217 3190 tu
2252 3152 2372 3192 eam
2401 3138 2684 3195 didicisti?

1919 3222 2068 3292 Orig.
2105 3224 2183 3277 Tu
2214 3242 2343 3280 vero
2368 3226 2484 3297 ipse
2510 3228 2697 3295 dicito,
2729 3243 2987 3300 quotnam
3019 3240 3244 3296 modis?

1918 3313 2082 3369 Abuc.
2133 3315 2359 3373 Omnem
2388 3320 2684 3391 justitiam,
2719 3327 2804 3380 vel
2830 3342 2896 3382 ex
2924 3329 3016 3385 Dei
3049 3332 3185 3402 lege.
3225 3335 3310 3389 vel
3346 3350 3415 3390 ex

1847 3405 2078 3475 legibus,
2109 3423 2248 3478 quas
2278 3410 2528 3470 homines
2554 3416 2877 3483 sancierint,
2911 3422 2999 3476 vel
3022 3439 3087 3477 ex
3119 3426 3284 3482 rebus
3316 3445 3415 3483 na-

1765 3480 1808 3539 Ο
1842 3496 2118 3561 turalibus
2150 3502 2560 3570 cognoscimus.
2591 3503 2795 3560 Harum
2827 3480 3009 3565 autem
3037 3512 3270 3583 justitia:
3292 3532 3416 3587 spe-

1838 3583 2046 3639 cierum
2088 3587 2239 3642 nulla
2289 3593 2649 3662 temporalem
2702 3610 2921 3666 pmnam
2967 3601 3194 3673 irrogat.
3241 3583 3414 3663 Prout

1838 3671 2148 3730 fornicatur
2180 3678 2478 3749 quispiam,
2505 3683 2591 3738 vel
2614 3682 2860 3752 furatur,
2889 3689 2970 3744 vel
3002 3671 3229 3757 occidit,
3248 3697 3412 3752 unius

1837 3856 2039 3931 cidam,
2104 3861 2303 3929 capitis
2336 3862 2684 3935 damnantes,
2732 3880 3091 3946 extremoque
3137 3883 3410 3951 supplicio

1835 3946 2209 4008 facinorosum
2241 3955 2477 4026 aliquem
2506 3959 2832 4027 allicientes,
2867 3979 2976 4020 non
3005 3969 3167 4026 unius
3192 3946 3260 4028 ίὶί
3281 3992 3407 4032 eum

1833 4039 1984 4095 horas
2012 4043 2190 4112 spatio
2227 4046 2710 4117 animadvertunt;
2750 4053 2848 4108 sed
2880 4055 2927 4109 si
2969 4070 3147 4116 morte
3184 4066 3406 4133 quidem

1833 4134 2095 4202 plectant,
2151 4145 2362 4193 eterna
2414 4155 2538 4194 eum
2592 4146 2866 4214 supplicio
2928 4149 3188 4220 alliciunt,
3238 4160 3321 4214 vel
3357 4162 3403 4216 si

1834 4224 2154 4294 verberent,
2182 4229 2509 4286 diuturnum
2536 4234 2587 4288 ei
2636 4234 2881 4292 dolorem
2921 4253 2991 4294 ex
3027 4243 3190 4300 rebus
3216 4252 3224 4257 ’
3248 4248 3401 4322 [fam

1831 4313 2177 4388 vulneribus]
2215 4318 2476 4376 inferunt.

1901 4405 2045 4472 Quin
2094 4416 2152 4463 tu
2195 4427 2416 4481 quoque
2466 4414 2513 4470 si
2561 4412 2866 4478 adulterum
2913 4430 3223 4497 quempiam
3275 4446 3399 4487 cum

1831 4514 2020 4566 uxore,
2042 4500 2219 4557 filiave
2248 4502 2705 4577 deprelienderes,
2740 4529 2847 4569 non
2883 4518 3045 4575 unius
3069 4520 3221 4577 illum
3254 4523 3402 4581 liora:

1829 4683 1982 4776 quod
2006 4685 2228 4754 quidem
2272 4701 2538 4746 aeternum
2580 4705 2665 4750 est
2708 4696 2992 4755 hominum
3043 4709 3394 4776 supplicium.

1832 4770 1940 4826 Sed
1972 4774 2103 4842 ipsa:
2129 4791 2346 4847 quoque
2376 4794 2558 4835 rerum
2588 4794 2793 4842 naturae
2821 4792 3046 4858 perinde
3076 4770 3391 4854 se'habcnt.

1828 4863 1962 4918 Cum
1983 4866 2127 4921 enim
2156 4869 2313 4924 nobis
2343 4884 2412 4926 ne
2443 4871 2718 4944 frigidam,
2741 4880 2891 4935 verbi
2914 4884 3111 4952 gratia,
3144 4885 3395 4944 bibamus

1828 4969 2048 5025 aquam,
2082 4972 2217 5013 neve
2260 4974 2479 5031 quoque
2525 4966 2693 5020 noxio
2745 4968 2851 5024 cibi
2896 4987 3094 5042 genere
3147 4988 3390 5045 utantur,

1826 5045 2176 5102 interdictum
2214 5050 2306 5115 sit,
2337 5051 2391 5106 in
2424 5057 2650 5112 vetitum
2705 5065 2887 5115 tamen
2934 5064 3202 5132 nitamur,
3261 5069 3392 5124 diu-

1826 5145 2016 5191 turnas
2038 5138 2298 5195 nimirum
2327 5156 2518 5211 poenas
2545 5143 2765 5203 damus.
2800 5146 2992 5221 Itaque
3015 5169 3392 5226 saspcnumero

1827 5228 1907 5291 ιιι,
1937 5238 1995 5283 ut
2025 5243 2092 5284 ex
2124 5228 2335 5301 frigida:
2368 5244 2522 5304 potu,
2550 5236 2764 5307 iguisve
2809 5251 3096 5308 contactu,
3131 5249 3216 5303 vel
3248 5254 3389 5307 aceti

1826 5334 1928 5373 usu
1952 5322 2270 5375 continuum
2299 5327 2546 5383 morbum
2579 5330 2948 5391 incurramus.
2988 5340 3156 5409 Atqui
3191 5352 3388 5400 natura

1824 5410 2123 5479 justissima
2152 5422 2257 5469 est.
2285 5414 2364 5471 Tu
2407 5434 2535 5473 vero
2571 5424 2842 5493 justitiam
2879 5428 3154 5485 undensm
3191 5432 3383 5503 habes,

1833 5513 1923 5558 aut
1966 5505 2217 5561 invenisti
2244 5509 2266 5561 ?
