4086 6454
734 345 873 412 1583

1909 364 2299 424 'I'IIEODORI
2343 365 2711 425 ABUC.\H£

3855 371 3970 434 158i

2261 480 2470 538 XXXII.

1238 559 1300 612 Ι).
1342 562 1598 615 Theodori
1627 565 1902 628 Αἰγαί-(ινιτ,
1932 570 2156 637 episcopi
2184 571 2284 623 Car

2389 615 2404 638 ,
2435 587 2619 630 contra
2648 578 2939 632 Saracenos
2971 577 3376 646 Tlteopastlrt'tas
3402 579 3536 650 (6|).

1991 675 2268 738 interprete
2292 680 2620 734 Cenebrardo.

799 751 922 804 Alio
958 752 1012 804 in
1044 763 1316 805 conventu
1345 752 1675 819 Sarat‘cnus,
1706 773 1770 809 ex
1806 756 2122 812 illustribus
2157 759 2288 822 illis,
2321 772 2365 826 Α
2399 767 2685 834 utriusque
2720 768 2893 836 partis
2924 771 3501 838 sutecompositionem
3547 785 3684 824 cum
3724 770 3888 824 Patre
3927 789 3960 812 βξ

730 843 1044 911 episcopum
1099 844 1446 913 interrogans
1474 862 1487 896 :
1518 846 1627 914 Age
1659 862 1806 911 vero,
1841 849 2038 914 inquit,
2072 851 2290 916 episco-

731 945 832 998 pc,
895 930 1037 985 Deus
1093 932 1185 986 ille
1250 944 1374 988 tuus
1429 936 1479 986 in
1509 950 1672 990 cruce
1726 938 1992 1006 pendens,
2055 942 2290 994 animant

728 1019 1066 1086 exspiravit?

798 1103 1032 1157 Maxime
1087 1120 1237 1170 vero,
1289 1110 1567 1176 respondit
1627 1110 1942 1179 epis¢0pus.
1987 1111 2292 1167 Saraccnus

727 1203 908 1246 autem
945 1196 998 1247 in
1032 1198 1200 1249 risum
1257 1200 1533 1265 profusus,
1587 1208 1638 1251 et
1671 1215 1790 1261 eos,
1841 1202 1932 1269 qui
1975 1210 2104 1253 tunc
2161 1204 2287 1256 ade-

726 1296 869 1349 rant,
887 1285 1630 1351 Saracenos,ctChristianos
1646 1289 1884 1343 ludibrio
1905 1293 2046 1344 velut
2063 1292 2286 1353 habens,

723 1383 952 1430 extensa
983 1378 1150 1448 416
1195 1393 1359 1432 manu
1407 1381 1735 1434 exclamavit
1769 1399 1782 1434 :
1819 1377 1948 1435 Sine
2008 1383 2287 1451 hypostasi

725 1469 907 1524 factus
955 1479 1038 1524 est
1074 1471 1514 1525 Christianorum
1549 1473 1721 1557 .Deus.

793 1557 961 1611 Abuc.
1012 1558 1080 1611 At
1135 1563 1406 1612 undenant
1452 1562 1571 1616 sine
1617 1563 1898 1632 bypostasi
1931 1562 2096 1618 Deum
2129 1563 2286 1616 Chri-

721 1651 1032 1703 stianorum
1061 1650 1235 1705 fuisse
1261 1653 1476 1721 coli-gis
1507 1655 1529 1705 ?

793 1740 988 1798 Sarac.
1020 1740 1138 1796 Meo
1169 1742 1343 1810 ipsius
1380 1745 1649 1815 exemplo.

798 1835 967 1887 Abuc.
1004 1832 1294 1898 Quonam?

790 1924 983 1980 Sarac.
1045 1925 1158 1994 Ego
1196 1927 1475 1994 quondam
1521 1943 1628 1982 non
1676 1944 1847 1993 erant,
1896 1929 2075 1999 quoad
2109 1942 2284 1998 usque

718 2016 840 2070 duae
876 2017 979 2070 mei
1015 2025 1198 2086 partes
1231 2017 1286 2070 in
1325 2027 1516 2071 ventre
1547 2021 1738 2074 matris
1768 2036 1901 2074 mere
1933 2022 2281 2080 coaluerunt,

2395 857 2603 922 Spiritu
2633 867 2824 912 sancto
2853 872 2971 913 erat
3005 880 3016 913 :
3050 862 3162 914 imo
3195 877 3342 925 vero,
3371 872 3495 915 ante
3527 864 3728 914 omnia
3757 868 3942 915 srtuis

2391 959 2565 1013 eoque
2598 947 2738 1014 ipso,
2782 949 2928 1018 quod
2954 953 3292 1018 compositus
3318 967 3380 1006 ex
3412 951 3642 1019 Virgine
3682 969 3909 1020 process
3932 970 3958 1008 ί,

2393 1035 2527 1086 nihil
2561 1038 2859 1105 quidquam
2895 1055 2958 1093 ex
2991 1043 3223 1108 partium
3272 1058 3495 1095 suarum
3532 1058 3700 1110 propr
3721 1044 3961 1094 iealii-m

2391 1126 2596 1176 amisit.
2640 1125 2930 1182 Perfectus
2969 1129 3115 1182 enim
3151 1129 3292 1184 Deus
3334 1131 3561 1191 mansit,
3600 1140 3668 1181 ut
3715 1138 3768 1181 et
3825 1128 3961 1178 Pa'tn‘l'

2391 1213 2664 1282 perfecms
2705 1225 2788 1269 est
2829 1216 3047 1272 :I‘actus
3097 1228 3274 1271 autem
3327 1229 3411 1271 cst
3444 1220 3638 1279 homo,
3681 1230 3742 1270 ιιι
3783 1231 3837 1271 et
3871 1237 3960 1269 ιιιι-

2390 1311 2504 1369 tcr;
2537 1306 2976 1376 quandoquidem
3011 1308 3212 1362 Christi
3253 1317 3437 1376 partes
3473 1311 3558 1364 hae
3590 1319 3735 1362 sunt
3761 1351 3775 1368 ,
3837 1311 3912 1360 du
3942 1339 3958 1347 ο

2387 1393 2555 1458 nitas,
2590 1407 2644 1448 et
2677 1397 3011 1451 humanitas.
3067 1401 3156 1459 At,
3197 1401 3314 1468 ipso
3364 1401 3647 1467 prssinnis
3707 1409 3956 1465 lettipuzr,

2387 1498 2509 1536 cum
2541 1499 2570 1536 a
2611 1501 2842 1553 corpore
2876 1498 3129 1556 separata
3159 1498 3243 1543 est
3269 1491 3471 1553 anima,
3501 1493 3623 1558 ipse
3649 1491 3724 1542 ab
3749 1499 3960 1555 utra-lue

2387 1580 2541 1638 parte
2572 1573 2957 1643 inseparabilis
2987 1578 3211 1641 mansit,
3244 1578 3516 1633 indivulsa
3570 1579 3959 1646 conjunctione

2384 1664 2697 1732 colligatus,
2729 1681 2946 1736 unaque
2975 1669 3061 1720 sui
3089 1669 3265 1738 ipsius
3295 1670 3612 1724 divinitatis
3639 1682 3694 1723 et
3723 1669 3960 1721 ιιιιιιιιιιι⁸

2386 1755 2513 1808 tatis
2551 1755 2863 1825 ltypostasis
2896 1760 3188 1813 cxsistens.

2458 1843 2648 1898 Sarnc.
2689 1843 2923 1899 Ubinam
2949 1863 3082 1915 ergo
3111 1850 3292 1902 anima
3317 1851 3466 1904 erat?

2459 1937 2618 1991 Abuc.
2654 1936 2870 2009 Corpus
2899 1939 3117 2009 quidem
3155 1940 3210 1994 in
3241 1943 3534 2011 sepulcro;
3559 1942 3759 1994 anima
3798 1952 3958 1995 autem

2385 2029 2441 2080 in
2479 2029 2720 2083 inferno.

718 2121 942 2176 corpus,
975 2107 1224 2175 inquam,
1256 2115 1311 2162 et
1332 2112 1549 2175 anima;
1590 2111 1733 2164 unde
1764 2113 1988 2165 tertium
2021 2111 2282 2181 quiddam
2320 2087 2361 2140 Β
2458 2114 2555 2170 liis
2589 2115 2754 2171 dictis
2785 2116 3097 2173 Saraccnus
3130 2135 3328 2190 magna
3358 2135 3482 2174 cum
3512 2120 3955 2175 exclamatioe-

715 2211 940 2253 enatum
969 2206 1076 2263 est,
1125 2197 1216 2268 qui
1243 2213 1343 2268 ego
1379 2214 1444 2252 ex
1490 2201 1782 2269 utriusque
1809 2201 1981 2270 partis
2010 2216 2282 2254 concursu

716 2299 773 2342 et
806 2290 1230 2360 compositione,
1258 2291 1568 2361 hypostasis
1599 2293 1758 2346 unica
1787 2292 2089 2361 composita
2111 2293 2283 2347 evasi.

717 2383 853 2434 Cum
889 2395 1020 2450 ergo
1051 2382 1104 2435 in
1147 2382 1265 2451 ipso
1295 2383 1487 2435 mortis
1511 2383 1744 2437 articulo
1765 2391 2028 2453 separatae
2059 2382 2280 2448 fuerint,

717 2488 785 2526 an
838 2488 946 2527 non
1000 2473 1354 2544 hypostaseos
1385 2488 1516 2529 mea:
1551 2474 1772 2529 nullitas
1803 2484 1935 2529 tunc
1971 2479 2282 2530 necessaria

713 2566 819 2620 erit
842 2565 864 2618 ’ἶ
1094 2610 1104 2622 .

784 2657 953 2712 Abuc.
1012 2657 1094 2710 An
1153 2670 1284 2711 vero
1339 2656 1758 2727 compositionis
1811 2657 1888 2712 tui
1947 2661 2278 2729 exemplum,

713 2749 854 2803 idem
883 2763 1007 2804 esse
1041 2762 1166 2802 cum
1197 2745 1403 2802 Christi
1433 2749 1837 2818 compositione
1859 2749 2094 2805 censes?

783 2838 970 2892 Sarac.
1005 2836 1206 2903 Quidni
1243 2838 1542 2892 censeam?

784 2929 952 2982 Abuc.
994 2928 1307 2997 Antequam
1339 2928 1460 2983 dum
1493 2929 1571 2981 tui
1607 2938 1790 2999 partes
1829 2930 1930 2984 illa:
1978 2945 2278 2985 concurre—

708 3029 853 3086 reut,
905 3028 965 3076 ut
1005 3021 1123 3091 ipse
1153 3019 1444 3076 confessus
1473 3035 1555 3086 es,
1585 3037 1692 3077 non
1719 3037 1844 3078 eras
1878 3042 1890 3076 :
1927 3033 2279 3093 posteaquam

706 3127 838 3167 vero
864 3120 1027 3168 nutus
1055 3127 1136 3176 es,
1169 3113 1452 3181 utriusque
1493 3115 1662 3183 partis
1693 3117 1932 3185 integras
1971 3117 2276 3186 propr-icta.

709 3212 793 3255 tes
818 3214 1153 3255 conservare
1181 3215 1285 3255 non
1315 3202 1541 3271 potuisti
1572 3205 2050 3274 :quanrloquidem
2082 3207 2279 3260 anima-

708 3291 1200 3352 immortalitatem.
1219 3292 1582 3362 corporisque
1603 3293 1974 3348 brtttalitalem
1993 3294 2225 3350 amisisti
2260 3314 2273 3349 :

705 3390 758 3436 ει
832 3383 1053 3436 tertium
1099 3381 1402 3452 .quiddam,
1461 3390 1520 3435 ut
1571 3383 1814 3448 dicebas,
1866 3386 2134 3440 evasisti:
2179 3401 2346 3473 necc

706 3474 910 3539 anima,
956 3489 1054 3528 nec
1083 3487 1306 3543 corpus,
1341 3474 1436 3527 sed
1472 3473 1635 3528 homo
1671 3472 1866 3528 Iactus.
1901 3474 1968 3529 At
2000 3476 2273 3531 Christia-

704 3581 903 3620 norum
950 3565 1112 3631 Deus,
1177 3571 1236 3618 ut
1293 3564 1560 3620 cavillans
1612 3563 1936 3634 objiciebas,
1999 3568 2080 3621 vel
2144 3577 2274 3623 ante

2385 2211 2455 2260 At
2511 2209 2806 2276 quomodo,
2852 2211 3063 2278 inquit,
3103 2209 3339 2265 Verbum
3389 2212 3446 2265 itt
3483 2213 3756 2281 utrisque
3825 2219 3962 2264 tanto

2384 2299 2598 2353 dissitis
2647 2300 2958 2366 intervallo,
2991 2302 3347 2371 coniunctum
3379 2310 3483 2367 est,
3512 2317 3644 2357 cum
3695 2318 3729 2355 a
3781 2315 3963 2356 neutro

2383 2389 2718 2443 indivulsum
2747 2391 3045 2445 manserit?

2453 2482 2780 2536 Theodorus
2839 2491 3018 2536 autem
3049 2481 3233 2536 ridens
3262 2499 3274 2533 :
3309 2478 3599 2550 Superest,
3666 2481 3877 2549 inquit,
3904 2496 3960 2533 ex

2383 2571 2485 2626 hac
2510 2582 2600 2626 tua
2627 2573 2919 2638 sententia,
2951 2580 3012 2626 ut
3044 2571 3188 2628 Deus
3216 2572 3307 2627 ille
3331 2582 3478 2635 tuus,
3514 2571 3573 2624 in
3605 2569 3886 2632 Hakcnsi,
3915 2581 3960 2622 et

2383 2667 2698 2738 Magadensi
2731 2667 3016 2739 Mesquitis
3047 2669 3281 2723 inveniri
3310 2682 3418 2722 non
3441 2667 3644 2737 possit.

2454 2757 2646 2812 Sarac.
2675 2758 2757 2811 An
2793 2773 2926 2813 vero
2954 2758 3076 2811 dua
3103 2757 3212 2810 illa:
3256 2766 3472 2827 partes,
3535 2755 3852 2825 quamlibet
3882 2769 3960 2809 se-

2381 2858 2605 2920 parataa,
2640 2847 2936 2918 participes
2959 2847 3267 2902 divinitatis
3291 2846 3482 2900 erant?

2451 2939 2624 2993 Abuc.
2651 2935 2764 2992 Non
2805 2938 3009 3004 minus,
3051 2951 3216 3008 quam
3241 2951 3350 3008 quo
3381 2945 3632 3006 tempore
3660 2937 3956 3007 conjunge-

2379 3026 2605 3082 bantur.

2452 3119 2647 3173 Sarac.
2674 3117 2780 3184 Qui
2817 3133 2949 3174 vero
2969 3118 3277 3173 divinitatis
3301 3117 3580 3189 particeps
3601 3132 3821 3189 corpus
3843 3135 3957 3173 exa-

2379 3207 2526 3261 nime
2557 3207 2612 3260 in
2641 3207 2896 3277 sepulcro
2919 3207 3112 3276 jacens
3143 3220 3257 3261 non
3285 3192 3610 3260 movebatur
3634 3205 3660 3258 ?

2448 3297 2620 3350 Abuc.
2644 3295 2785 3362 Quia
2814 3295 3064 3352 Verbum
3087 3297 3141 3351 in
3175 3297 3294 3366 ipso
3325 3303 3458 3350 tunc
3480 3295 3953 3364 incorruptionem

2381 3403 2541 3445 sacro
2580 3389 2657 3442 illi
2686 3388 2940 3470 cadaveri
2961 3389 3378 3442 convenientem
3410 3385 3698 3441 servabat.

2452 3480 2609 3535 Tunc
2647 3480 2961 3536 Saracenus
2993 3489 3248 3548 tanquam
3278 3477 3379 3531 reti
3415 3478 3684 3547 quopiam
3715 3477 3956 3548 implica-

2383 3583 2496 3638 tus,
2523 3581 2578 3626 et
2609 3571 2870 3644 elinguis,
2899 3584 3010 3641 pra:
3041 3577 3268 3638 stupore
3298 3567 3598 3623 obmutuit.

2216 3680 2459 3738 XXXIII.

812 3786 1070 3842 Theodori
1098 3743 1358 3842 dbucarc
1391 3784 1651 3858 Dialogus
1681 3793 1800 3842 cum
1827 3784 2171 3845 Nestorium.

2391 3797 2618 3863 ’Δᾶλος
2651 3795 2931 3869 διάλογος
2969 3799 3119 3866 πρὸς
3155 3794 3565 3864 Νεστοριαγὲν
3592 3796 3709 3850 τοῦ
3754 3798 3952 3850 circi.

2002 3901 2286 3967 Interprete
2317 3906 2654 3958 Genebrardo.

772 4012 942 4066 Alme.
1000 4009 1097 4065 Dic
1137 4010 1310 4074 mihi,
1349 4007 1450 4064 hoc
1508 4021 1706 4064 nomen
1759 4007 2038 4074 Christus,
2100 4019 2277 4066 utram

701 4115 954 4161 naturam
991 4102 1221 4165 indicat,
1259 4099 1586 4156 divinitatis.
1617 4114 1684 4154 an
1720 4099 2120 4155 humanitatis?

774 4197 990 4254 Nestor.
1028 4195 1146 4249 Non
1174 4207 1337 4248 unam
1370 4194 1423 4247 in
1458 4201 1632 4263 parte,
1653 4192 1750 4247 sed
1784 4202 2080 4262 utramque
2107 4192 2278 4266 hypo-

629 4358 635 4369 η
698 4288 893 4350 stasiu,
933 4288 1050 4342 sive
1084 4285 1200 4349 Dci,
1234 4292 1287 4338 et
1319 4284 1560 4338 hominis
1589 4284 1775 4339 simul.

693 4413 703 4422 ο
769 4383 932 4434 Abur.
973 4377 1141 4432 liectc
1165 4391 1378 4431 censes.
1415 4373 1535 4428 Jam
1573 4376 1676 4430 hoc
1723 4375 1858 4432 mihi
1890 4375 2161 4432 edissere.
2194 4381 2276 4431 An

697 4471 952 4526 Christus
977 4485 1040 4524 ex
1072 4467 1298 4538 Virgine
1334 4466 1530 4522 natus?

769 4561 984 4616 Nestor.
1021 4559 1276 4614 Maxime.

768 4657 934 4709 Abuc.
962 4655 1104 4725 Ergo
1133 4654 1278 4709 Deus
1319 4651 1580 4718 Verbum,
1611 4662 1664 4710 et
1698 4655 1868 4710 homo
1899 4664 2074 4712 natus
2095 4661 2181 4712 est
2209 4669 2276 4710 ex

2448 4019 2675 4074 Ἀϐουκ.
2715 4018 2852 4072 Εἰπέ
2903 4035 3017 4089 μοι,
3050 4017 3112 4071 τὸ
3156 4015 3393 4086 Χριστός
3441 4016 3614 4085 ὕνομα
3671 4017 3837 4080 ποίας
3869 4019 3955 4085 ef.-

2381 4109 2516 4173 σιὼς
2541 4111 2654 4163 ἐστι
2678 4110 2978 4180 δηλωτικόν
2998 4128 3013 4177 ;
3031 4112 3128 4181 τῆς
3147 4109 3423 4179 θεότητος,
3439 4109 3472 4177 ἢ
3493 4109 3952 4178 ἅνθρωπὸτητςς;

2460 4201 2522 4254 'O
2553 4203 2805 4269 Νεστορ.
2853 4203 2930 4259 υὺ
2984 4202 3114 4271 μιᾶς
3167 4200 3270 4252 ὰνὰ
3313 4200 3500 4268 μέρος,
3547 4199 3690 4252 ἀλλὰ
3734 4203 3844 4252 τῶν
3874 4201 3954 4252 δίε

2377 4292 2750 4354 ὑποστάσεων,
2769 4295 2937 4365 ἤγουν
2956 4290 3048 4344 τοῦ
3069 4290 3227 4354 Θεοῦ,
3248 4292 3347 4344 καὶ
3368 4290 3462 4343 τσῦ
3486 4291 3786 4361 ἀνθρώπου
3806 4292 3948 4360 ripe-5.

2451 4385 2688 4440 Ἀϐουκ.
2727 4385 2942 4449 Καλῶς.
2985 4384 3118 4438 Εἰπέ
3163 4399 3277 4454 μοι,
3309 4385 3337 4436 6
3373 4381 3468 4436 οὖν
3514 4384 3763 4453 Χριστέις
3817 4387 3954 4450 ἐτειν-

2378 4476 2518 4548 νήθη
2546 4479 2610 4530 ἐκ
2636 4476 2895 4544 γυναικός
2917 4491 2931 4539 ;

2464 4568 2528 4622 ’0
2567 4570 2822 4642 Νεσζορ.
2864 4565 2993 4620 Ναί.
3103 4551 3134 4636 ἰ

2449 4659 2675 4729 ᾍδουκ.
2706 4657 2916 4712 Οὐκοῦν
2946 4659 2975 4711 6
3024 4656 3157 4719 Θεὸς
3199 4657 3392 4725 Λόγος,
3445 4656 3539 4706 ni.
3593 4656 3622 4706 6
3676 4655 3950 4724 ᾶνθρωττες

697 4748 946 4819 Virgine.
978 4747 1239 4803 Christus
1269 4745 1415 4801 enim
1439 4787 1453 4810 ,
1495 4756 1554 4800 ut
1587 4748 1882 4804 confossus
1925 4764 2008 4815 es,
2044 4748 2193 4804 Deus
2217 4759 2274 4805 et

2387 4750 2642 4822 ιγιννήθη
2683 4751 2747 4803 ἑκ
2776 4748 3058 4819 γυναικός.
3102 4746 3160 4800 '0
3208 4746 3447 4817 Χριστὸς
3473 4746 3607 4814 γὰρ,
3644 4746 3726 4808 ὡς
3755 4745 3951 4815 (351.016-

695 4842 860 4896 houio
913 4849 1018 4893 est.
1074 4836 1189 4893 Iioc
1231 4839 1459 4908 insuper
1515 4853 1544 4891 a
1583 4847 1638 4894 te
1696 4847 1822 4910 pcto
1857 4855 1869 4892 :
1902 4853 1975 4894 an
2010 4839 2271 4896 Christus

2387 4856 2578 4913 γησας,
2608 4843 2638 4896 6
2671 4841 2805 4903 0:6;
2836 4842 2952 4893 test
3002 4838 3099 4892 καὶ
3143 4840 3172 4891 6
3220 4838 3530 4908 ἄνθρωπος.
3563 4837 3606 4868 ’⁸
3647 4838 3762 4891 Καὶ
3805 4839 3948 4891 πάλιν

693 4937 948 4985 mortuus
979 4929 1103 4983 est?

765 5020 984 5074 Nestor.
1017 5019 1273 5074 Maxime.

763 5114 929 5168 Abuc.
958 5111 1103 5180 Ergo
1149 5109 1314 5175 Deus,
1339 5120 1393 5166 et
1423 5110 1587 5164 homo
1607 5119 1860 5167 mortuus
1888 5119 1993 5168 est.
2017 5111 2274 5167 Christus

2376 4933 2567 5004 ἱρωτῶ
2603 4948 2686 4996 σε,
2719 4934 2749 4986 6
2777 4930 3015 5003 Χριστὸς
3038 4929 3348 4993 inﬂatus;

2460 5024 2524 5078 Ὀ
2552 5025 2806 5092 Νεστορ.
2840 5021 2972 5076 Ναί.

2453 5116 2692 5171 Ἀσουκ.
2722 5112 2934 5169 Οὐκοῦν
2968 5114 2998 5167 6
3028 5111 3182 5175 Θεὸς.
3230 5111 3324 5164 καὶ
3356 5111 3385 5163 6
3427 5109 3722 5180 ἄνθρωπος
3756 5112 3947 5164 ἀπέθε-

690 5208 862 5271 enim,
902 5216 954 5260 ut
995 5206 1098 5272 vis,
1133 5204 1277 5258 Deus
1306 5212 1361 5258 et
1385 5203 1550 5257 homo
1581 5211 1664 5257 est
1688 5204 1824 5276 (62).
1859 5204 2111 5271 Quanam
2141 5218 2272 5260 vero

2387 5225 2472 5263 ην
2495 5225 2508 5238 ·
2544 5208 2688 5264 κατά
2716 5225 2774 5262 σι
2806 5207 2916 5278 γὰρ
2935 5208 2964 5260 6
2991 5204 3226 5277 Χριστὸς
3248 5206 3277 5258 6
3299 5201 3454 5270 Θεὸς,
3482 5203 3580 5257 καὶ
3612 5204 3645 5256 6
3671 5203 3944 5276 ἅνθρωπός

689 5297 758 5354 de
785 5312 956 5353 causa
985 5295 1242 5353 Christus
1265 5294 1466 5350 dicitur
1494 5293 1517 5346 ?

2373 5303 2541 5356 ἐστιν.

1987 5429 2223 5488 VARIE
2265 5431 2670 5490 LECTIONES.

2221 5582 2457 5641 ΝΟΤΕ.

759 5504 808 5537 ’³
839 5501 965 5558 llaec
989 5503 1151 5558 aliter
1179 5498 1591 5557 Gcnehrardus.

758 5690 870 5762 (6i)
909 5688 1061 5762 Hanc
1091 5687 1528 5762 disputationem
1552 5700 1660 5762 non
1686 5685 1873 5762 reperi.
1895 5682 1950 5762 in
1979 5681 2270 5738 codicibus

687 5754 997 5819 Bat'aricis.
1034 5754 1222 5832 itaque
1257 5761 1475 5815 nonnisi
1511 5754 1758 5813 Latinam
1787 5754 2135 5810 exhibemus.

2462 5682 2579 5755 (62)
2610 5683 2912 5757 Srqueutia
2943 5686 3140 5744 desunt
3173 5689 3227 5745 in
3253 5686 3444 5745 Greco
3471 5685 3604 5743 Bav.
3633 5684 3846 5743 codice.
