4086 6454
211 361 347 424 1585

275 471 490 527 Nestor.
525 474 664 541 Quia
689 477 842 531 unxit
867 493 990 533 eum
1032 479 1174 536 Deus
1213 481 1423 552 Spiritu
1451 491 1666 539 sancto.
1724 508 1730 515 -

200 658 401 713 homo?

1622 369 2036 432 OPUSCULA.

3329 369 3465 437 1586

1807 494 1849 551 Α
1881 496 2081 545 unctus
2110 495 2214 557 est,
2246 487 2503 545 Christus
2519 496 2624 556 est,
2647 496 2701 545 et
2734 489 2896 545 homo
2925 490 2972 545 is
3004 498 3108 555 est,
3134 491 3227 561 qui
3260 502 3465 549 unctus

270 566 435 619 Abuc.
473 566 602 622 Uter
630 568 796 640 igitur
827 581 1024 628 unctus
1074 581 1183 641 est,
1229 574 1372 631 Deus
1410 572 1666 639 Verbum,
1703 592 1774 631 an
1872 589 1979 643 cst,
2009 580 2155 656 alius
2180 581 2420 652 denique
2451 581 2597 638 Deus
2623 580 2888 646 Verbum,
2915 588 2969 635 et
2993 582 3137 638 alius
3170 584 3336 638 homo
3356 594 3461 641 est.

1875 679 1934 726 ut
1968 672 2153 738 vultis,
2185 673 2568 742 consequitur,
2621 681 2681 727 ut
2743 672 2910 728 homo
2964 672 3038 725 sit
3095 670 3373 728 Christus'
3406 673 3463 727 in

273 752 494 809 Nestor.
544 756 704 811 Absit
756 767 815 812 ut
852 758 1019 823 Deum
1047 758 1281 815 Verbum
1328 769 1550 816 unctum
1603 730 1775 819 fuisse
1872 772 2045 833 parte.
2074 730 2218 829 Quid
2257 730 2391 832 erge
2418 730 2571 818 vobis
2608 765 2783 833 ipsis,
2834 744 3061 819 et'aliis
3117 764 3463 833 imponentes

197 847 471 915 dicamus,
505 849 599 904 sed
633 850 934 907 hominem.

265 939 431 997 Abuc.
469 942 722 999 Christus
755 943 924 1016 igitur
953 953 1037 1001 est
1068 947 1250 1001 homo.
1281 944 1339 1001 Si
1366 946 1513 1003 enim
1575 948 1623 1002 is
1674 948 1772 1017 qui

1873 854 2156 909 Christum
2192 853 2460 935 Deum,'et
2485 854 2763 912 hominem
2799 870 2923 913 esse
2951 855 3181 912 dicitis?

1620 1083 1783 1155 [ιιι]
1812 1074 2059 1135 'xxxw.

204 1192 313 1247 τοῦ
361 1194 648 1266 θεολόγου
699 1195 833 1264 περὶ
889 1198 1130 1275 κράζων,
1183 1196 1289 1251 τοῦ
1332 1196 1519 1251 αὐτοῦ
1566 1197 1772 1261 Ἀϐου-

893 1282 1067 1336 καρα.

2128 1194 2205 1249 De
2234 1204 2463 1265 tempore
2497 1195 2634 1268 (6'5),
2663 1195 2901 1265 ejusdem
2930 1195 3207 1251 Abucarw.

1429 1382 1610 1432 Iacobo
1632 1380 1865 1430 Gretsero
1892 1378 2188 1438 interprete.

268 1503 466 1571 Ἐρώτ.
512 1505 570 1557 Ὁ
599 1507 791 1575 χρόνος
824 1506 881 1560 ὲν
911 1508 1108 1579 χρόνῳ,
1134 1509 1166 1579 ἢ
1200 1510 1300 1563 οὐκ
1330 1511 1387 1562 ὲν
1411 1510 1589 1581 χρόνῳ
1614 1528 1627 1573 ;

282 1596 478 1649 Ἀπόκ.
516 1598 688 1667 Διχῶς
736 1598 853 1651 ἐστι
904 1600 1042 1671 πρὸς
1090 1600 1247 1655 τοῦτο
1282 1600 1771 1670 ’ἀπολογήσασθαιο

1809 1464 1850 1518 Β

1955 1504 2216 1578 lnterrog.
2262 1505 2405 1573 Num
2443 1513 2659 1577 tempus
2691 1516 2777 1563 est
2810 1508 2866 1562 in
2906 1516 3172 1583 tempore,
3212 1521 3282 1560 an
3311 1505 3462 1560 non?

1950 1597 2104 1666 Resp.
2135 1597 2435 1666 Dupliciter
2481 1597 2546 1652 ad
2584 1599 2687 1651 hoc
2734 1597 3057 1666 responderi
3090 1603 3290 1665 potest,
3339 1596 3462 1650 dia-

197 1687 317 1755 ἦτοι
345 1689 452 1759 γὰρ
486 1688 871 1753 διαλεκτικῶς,
899 1693 993 1745 καὶ
1032 1691 1280 1758 ἐνδόξως,
1310 1693 1404 1747 καὶ
1441 1693 1704 1756 πιθανῶς,
1742 1694 1774 1763 ἢ

1881 1690 2073 1755 lectice
2131 1689 2389 1744 videlicet
2439 1696 2493 1743 et
2547 1682 2915 1759 probabiliter
2953 1696 3007 1743 et
3040 1688 3457 1751 verisiuuliter;

197 1766 615 1843 ἀποδεικτικῶς,
651 1781 744 1832 καὶ
782 1782 1118 1850 ἀναγκαίως,
1147 1783 1243 1836 καὶ
1271 1783 1485 1854 ἀληθῶς
1507 1800 1519 1812 ·
1548 1785 1608 1838 οὐ
1630 1778 1777 1860 ,μὲν-ι

197 1885 279 1921 τοι
319 1869 545 1934 ἀδόξως.
1339 1888 1355 1900 λ
1532 1886 1533 1889 ‘
1565 1922 1568 1925 .

271 1960 473 2028 Ἔρώτ.
527 1963 652 2027 Πῶς
707 1947 801 2017 οὖν
842 1962 1023 2033 βούλει
1073 1964 1389 2043 προϐαίνειν
1422 1967 1517 2020 τὸν
1573 1967 1770 2035 λόγονς

196 2053 579 2118 διαλεκτικῶς,
612 2055 644 2125 ἢ
676 2056 1112 2125 ὰποδεικτικῶςς

271 2145 480 2199 Ἀπόκ.
533 2140 917 2211 Διαλεκτικῶς.
969 2149 1168 2218 Ἑρὼτ.
1202 2151 1249 2183 ⁷⁸
1292 2152 1350 2205 '0
1396 2136 1589 2224 χ’ρόνος
1646 2151 1772 2205 οὔτε

200 2237 258 2289 ὲν
288 2237 464 2308 χρόνῳ
490 2239 657 2302 ἐστὶν,
687 2239 811 2293 οὒτε
842 2242 942 2295 οὐκ
974 2245 1031 2296 ὲν
1063 2243 1262 2315 χρόνῳ.
1306 2246 1371 2298 Et
1408 2246 1508 2314 μὲν
1534 2246 1644 2315 γὰρ
1672 2238 1774 2317 oux

202 2330 261 2381 ὲν
303 2331 501 2400 χρόνῳ,
548 2330 886 2403 κεχώρισται
933 2334 1130 2387 ἑαυτοῦ
1155 2351 1167 2364 '
1200 2337 1340 2407 ὅπερ
1384 2336 1671 2392 ἀδύνατον.
1705 2337 1770 2389 El

202 2417 257 2470 δὲ
287 2419 344 2471 ὲν
373 2420 571 2489 χρόνῳ,
618 2423 676 2472 ὲν
711 2422 890 2493 ἑαυτῷ
927 2422 1113 2477 ἔσται’
1146 2424 1207 2478 τδ
1239 2425 1297 2478 δὲ
1341 2425 1397 2478 ἐν
1440 2426 1567 2491 τινι,
1611 2417 1777 2497 Erept-

204 2510 387 2580 ἐχεται
425 2512 736 2577 ὑπ’,αὑτοῖκ
783 2514 944 2601 ξΑλλὰ
981 2517 1109 2585 μὴν,
1149 2516 1338 2586 ἕτερόν
1372 2520 1486 2570 ἐστι
1524 2516 1584 2570 τό
1618 2528 1799 2601 περιέ,

206 2603 465 2671 εχόμενον
510 2605 664 2675 παρὰ
717 2596 793 2659 ἰδ’
821 2607 1094 2677 περιέχον.
1140 2607 1371 2678 Ἕτερον
1414 2610 1522 2679 ἄρα
1581 2596 1775 2662 ἑαυτοῦ

205 2680 362 2771 ἑστιν*
386 2696 413 2747 6
443 2695 655 2764 χρόνος,
683 2698 824 2767 ὅπερ
849 2682 1134 2754 ἀδύνατον.
1172 2701 1235 2753 Et
1264 2697 1387 2766 οὖν,
1420 2702 1496 2765 ὼς
1536 2701 1773 2773 ἐδείχθη,

1877 1780 1962 1835 vel
1988 1781 2449 1845 demonstrative,
2486 1781 2832 1845 necessario,
2863 1791 2917 1836 et
2947 1795 3104 1846 vere;
3136 1794 3245 1833 non
3275 1787 3457 1833 tamen

1878 1874 2343 1943 improbabiliter.
2711 1881 2713 1883 ’

1947 1965 2216 2036 Interrog.
2276 1956 2577 2032 Quom‘odu’
2609 1967 2777 2037 igitur
2829 1966 3259 2034 disputationem
3300 1965 3459 2019 insti-

1875 2042 2033 2113 tuere
2058 2058 2253 2127 cupis?
2278 2059 2587 2125 dialectice,
2618 2074 2688 2114 an
2723 2057 3188 2114 demonstrative?

1949 2148 2104 2217 Resp.
2133 2150 2449 2207 Dialectice.
2483 2149 2723 2221 Tempus
2762 2164 2940 2219 neque
2965 2149 3019 2202 in
3050 2156 3304 2217 tempore
3332 2154 3456 2211 est;

1877 2259 2055 2312 neque
2105 2257 2214 2309 non
2249 2257 2336 2298 εει
2382 2244 2437 2297 in
2471 2253 2740 2316 tempore.
2777 2240 2835 2295 Si
2872 2241 3017 2295 enim
3062 2255 3170 2293 non
3200 2242 3358 2316 esset
3402 2238 3458 2292 in

1879 2311 2142 2403 tempore,
2162 2348 2266 2388 ese
2292 2332 2414 2402 ipso
2433 2311 2745 2402 separatum
2757 2336 2930 2395 esset,
2944 2330 3088 2399 quod
3113 2328 3226 2383 fieri
3245 2311 3454 2397 nequit.

1881 2425 1938 2479 Si
1973 2441 2100 2480 vero
2117 2426 2189 2493 sit
2228 2425 2283 2479 in
2315 2432 2583 2494 tempore,
2623 2424 2677 2477 in
2700 2405 2772 2478 ‘se
2802 2423 2938 2492 ipso
2961 2423 3066 2477 erit
3097 2438 3115 2475 :
3140 2420 3296 2505 quod
3329 2435 3459 2475 vero

1880 2517 1936 2571 in
1968 2518 2152 2586 aliquo
2184 2516 2349 2580 inest,
2406 2514 2726 2569 continetur
2761 2504 2838 2567 5b
2881 2514 2995 2567 illo.
3024 2512 3187 2581 Atqui
3230 2504 3281 2565 id
3312 2512 3457 2581 quod

1880 2611 2141 2674 continet,
2195 2614 2247 2664 et
2276 2610 2441 2679 quod-
2469 2607 2799 2670 continetur,
2830 2588 3089 2662 distincta
3141 2612 3288 2660 sunt.
3335 2604 3456 2660 Dis-

1880 2701 2111 2755 tinetum
2143 2700 2309 2771 igitur
2338 2715 2367 2752 ιι
2401 2715 2461 2755 se
2505 2684 2625 2770 ipso
2652 2708 2737 2754 est
2770 2708 2984 2771 tempus
3019 2714 3033 2751 :
3069 2696 3215 2767 quod
3237 2706 3325 2751 est
3353 2698 3457 2749 im-

207 2773 473 2844 ἀδόῧατόν
517 2792 640 2844 ἔστι
688 2792 749 2845 τὸ
795 2792 887 2846 τὸν
926 2795 1118 2863 χρόνον
1169 2794 1365 2850 ἑαυτοῦ
1401 2794 1773 2864 ’κεχωρίσθαι,

1887 2794 2168 2864 possibile.
2202 2794 2257 2847 Si
2314 2793 2502 2863 igitur,
2543 2800 2603 2847 ut
2640 2802 2945 2872 ostensum,
2978 2789 3318 2861 impossibile
3370 2797 3460 2843 est

207 2882 612 2953 ἀδυνατώτερον
638 2884 694 2937 δὲ
724 2884 818 2936 καὶ
860 2885 922 2937 τὸ
947 2884 1144 2938 ἑαυτοῦ
1180 2886 1370 2956 ἕτερον
1397 2883 1557 2941 εἶναι.
1592 2886 1778 2942 Ταῦτα

208 2974 263 3026 δὲ
295 2975 493 3045 συνέϐη
531 2976 571 3007 ⁷⁷
612 2978 675 3029 ὲκ
715 2974 811 3033 τοῦ
866 2976 1214 3031 ὑποτίθεσθαι
1257 2978 1355 3032 ’τὸν
1399 2979 1610 3048 χρόνον,
1659 2979 1779 3050 ἦτοι

210 3067 309 3120 οὑκ
344 3067 402 3119 ὲν
430 3068 627 3137 χρόνῳ,
657 3069 838 3139 δῆλον,
871 3070 956 3123 ὅτι
982 3069 1270 3133 ἀδύνατον,
1296 3070 1387 3123 τὸν
1417 3071 1609 3140 χρόνον
1637 3066 1778 3125 εἶναι

211 3159 266 3207 ἐν
326 3158 587 3228 χρόνῳ,ἢ
642 3162 741 3213 οὐκ
786 3163 842 3212 ὲν
891 3162 1089 3231 χρόνῳ.
1132 3162 1289 3214 Πᾶσα
1360 3161 1468 3232 γὰρ
1524 3162 1780 3225 ὑπόθεσις

209 3247 499 3315 ἀπάγουσα
555 3253 635 3313 είς
671 3251 954 3316 ἀδύνατον,
1009 3254 1102 3306 καὶ
1158 3254 1297 3323 αὑτὴ
1336 3252 1598 3317 ἀδύνατός
1634 3256 1776 3319 ἐστι,

211 3336 303 3389 καὶ
342 3338 513 3392 ταῦτα
541 3339 898 3405 διαλεκτικῶς
928 3342 1143 3411 εἴρηται
1161 3386 1177 3413 ,
1198 3344 1292 3425 και
1332 3342 1583 3407 ἐνδόξως.

280 3610 342 3662 Et
373 3609 431 3663 δὲ
482 3609 659 3674 θέλεις
709 3611 804 3664 καὶ
850 3611 912 3664 τὸ
970 3611 1370 3675 ἀποδεικτικῶς
1418 3612 1623 3680 λέγειν,
1676 3613 1777 3668 οὐκ

210 3700 450 3770 ὀκνήσω.
494 3700 553 3755 '0
578 3702 765 3773 χρόνος
800 3704 901 3756 οὐκ
933 3705 992 3756 ὲν
1036 3704 1213 3774 χρόνῳ
1239 3704 1420 3757 ἐστίν’
1461 3705 1577 3757 ἔστι
1615 3704 1673 3757 δὲ
1716 3706 1781 3757 ὲκ

208 3791 317 3843 τῶν
351 3785 552 3862 ὁμοίων
599 3797 724 3861 περὶ
755 3794 944 3848 τούτου
979 3795 1378 3874 πιστώσεσθαι.
1416 3796 1632 3866 ’Ὥσπερ
1666 3796 1778 3866 γὰρ

210 3884 239 3935 6
266 3884 432 3947 τόπος
459 3886 557 3937 οὐκ
592 3886 738 3940 ἐστιν
789 3888 847 3940 ὲν
879 3888 1029 3958 τόπῳ
1052 3903 1065 3915 ·
1120 3890 1233 3941 πᾶν
1268 3889 1377 3959 γὰρ
1409 3888 1470 3941 τὸ
1508 3889 1568 3940 ὲν
1602 3887 1777 3959 τόπῳ,

1856 2892 2098 2955 tempus
2125 2898 2155 2938 a
2219 2899 2278 2940 se
2342 2884 2462 2951 ipso
2508 2896 2825 2953 separatum
2856 2896 3017 2947 esse;
3070 2881 3243 2934 rnulto
3275 2878 3458 2933 minus

1875 2975 1997 3037 ﬁeri
2030 2983 2231 3044 potest,
2263 2983 2321 3029 ut
2360 2989 2391 3028 a
2420 2988 2479 3029 se
2502 2974 2623 3045 ipso
2662 2975 2939 3043 dversum
2977 2978 3070 3029 sit.
3095 2973 3151 3028 Si
3183 2989 3313 3029 vero
3340 2974 3460 3027 lure

1834 3124 1837 3125 ν
1880 3077 2295 3141 consequuntur
2349 3068 2739 3137 exhypothesi
2768 3068 2864 3122 illa
2904 3086 2917 3123 :
2952 3067 3194 3146 Tempus
3225 3067 3309 3122 vel
3348 3084 3459 3121 non

211 3973 374 4043 σῶμα
393 3993 405 4004 ·
432 3977 460 4028 ό
497 3975 553 4028 δὲ
582 3979 748 4039 τόπος
781 3978 840 4030 οὐ
864 3978 1025 4048 σῶμά
1054 3980 1198 4054 ἐστι·
1235 3981 1383 4050 καὶὴ
1416 3979 1564 4049 ψυχὴ
1594 3980 1694 4031 οὐκ
1721 3980 1778 4031 ἐν
1822 4008 1827 4015 ~

207 4066 352 4137 ψυχῇ
387 4069 552 4133 ἐστιν,
578 4070 696 4122 ἀλλ’
728 4071 786 4123 ὲν
815 4071 893 4143 τῷ
931 4073 1188 4142 σώματι·
1222 4074 1317 4126 καί
1339 4074 1376 4143 ἡ
1422 4072 1641 4141 κίνησις
1674 4073 1776 4126 οὐκ

1880 3175 2001 3216 esse
2029 3161 2384 3226 intempore,
2414 3161 2496 3214 vel
2527 3151 2652 3215 esse
2701 3160 2754 3213 in
2810 3168 3055 3231 tempore
3076 3176 3117 3225 ι,
3141 3160 3361 3229 planum
3401 3158 3460 3212 tit

1881 3249 1997 3305 ﬁeri
2032 3264 2141 3303 non
2179 3264 2359 3320 posse,
2386 3257 2444 3303 ut
2478 3259 2695 3319 tempus
2728 3250 2800 3303 sit
2832 3250 2885 3304 in
2921 3260 3188 3319 tempore,
3224 3248 3308 3303 vel
3347 3265 3457 3308 nun

1879 3338 1950 3394 sit
1983 3340 2038 3394 in
2069 3348 2334 3410 tempore.
2385 3340 2584 3395 Omnis
2626 3342 2773 3395 enim
2823 3342 3166 3413 hypothesis,
3222 3354 3344 3409 qua!
3390 3341 3457 3392 nd

1882 3429 2226 3499 impossibile
2273 3428 2457 3492 ducit,
2524 3430 2646 3499 ipsa
2698 3431 2864 3484 etiam
2925 3429 3287 3500 impossibilis
3347 3439 3454 3484 est.

1883 3522 1949 3576 Et
1985 3522 2098 3577 haec
2122 3522 2406 3577 dialectice
2434 3530 2488 3577 et
2522 3522 2879 3590 probabiliter
2910 3523 3055 3577 dicta
3088 3523 3220 3577 sint.

1956 3610 2015 3666 Si
2051 3627 2182 3666 vero
2227 3612 2364 3666 velis
2426 3619 2484 3665 ut
2509 3620 2566 3665 et
2594 3612 3031 3666 demonstrativo
3067 3612 3136 3665 de
3164 3611 3249 3665 his
3279 3610 3457 3665 disse-

1881 3720 2023 3769 ram,
2050 3706 2287 3760 libenter
2317 3705 2541 3775 parebo.
2569 3703 2818 3773 Tempus.
2839 3718 2944 3758 non
2976 3710 3061 3759 est
3095 3703 3149 3757 in
3178 3695 3453 3772 tempore?

1881 3799 2028 3871 quod
2055 3814 2118 3853 ex
2154 3799 2428 3875 similibus
2453 3796 2781 3852 conﬁrmare
2800 3784 2957 3850 licet;
2981 3794 3453 3862 Quemadmodum

1880 3893 2026 3947 enim
2058 3892 2212 3945 locus
2240 3897 2361 3945 non‘
2387 3898 2471 3945 est
2525 3890 2580 3943 in
2629 3890 2783 3961 loco;
2819 3903 2946 3943 nam
3000 3902 3181 3949 omne.
3222 3887 3367 3957 quod
3397 3887 3453 3941 in

1881 3983 2123 4046 locoest,
2180 3976 2382 4049 corpus
2438 3987 2668 4044 est;*at
2724 3979 2879 4032 locus
2916 3993 3030 4031 non
3093 3990 3330 4046 corpus,
3397 3986 3454 4030 et

1882 4074 2062 4126 anima
2088 4069 2194 4125 non
2241 4079 2327 4126 est
2389 4072 2443 4124 in
2476 4071 2679 4133 anima,
2713 4069 2809 4125 sed
2841 4069 2895 4122 in
2928 4083 3201 4139 corpore;
3242 4079 3453 4135 etmo-

209 4157 268 4207 ὲν
301 4158 536 4227 κινήσει,
566 4159 681 4211 ἀλλ’
704 4163 760 4213 ὲν
793 4162 1097 4231 κινουμένῳ
1116 4178 1129 4191 °
1162 4163 1256 4215 καὶ
1289 4162 1357 4213 τὰ
1379 4160 1646 4231 χρώματα
1676 4162 1777 4214 οὐκ

1882 4172 1970 4218 tus
2001 4178 2106 4217 non
2150 4173 2233 4218 est
2261 4164 2317 4216 in
2349 4171 2524 4226 metu,
2557 4163 2650 4216 sed
2684 4162 2735 4216 iu
2768 4160 2993 4227 mobili;
3025 4170 3078 4215 et
3098 4160 3317 4214 colores
3340 4175 3448 4214 non

209 4249 270 4299 ἐν
301 4248 607 4318 χρώμασιν,
633 4251 750 4304 ἀλλ’
778 4253 835 4304 ἐν
866 4255 1273 4323 κεχρωσμένοις
1294 4253 1542 4324 σώμασιν
1564 4269 1576 4281 ’
1603 4252 1778 4316 οὕτως

210 4341 307 4391 καὶ
339 4342 368 4391 6
392 4342 580 4411 χρόνος
615 4336 716 4396 οὑξ
750 4346 807 4396 ὲν
833 4345 1009 4414 χρόνῳ
1052 4346 1220 4410 ἐστὶν,
1254 4345 1367 4397 ἀλλ’
1426 4348 1482 4397 ὲν
1514 4344 1774 4415 χρονίοις.

210 4430 397 4483 Ταῦτα
427 4433 483 4485 δέ
532 4435 647 4485 ἐστι
686 4437 756 4485 τὰ
805 4437 1120 4504 κινούμενα.
1166 4434 1422 4506 Ἀριθμὸς
1473 4436 1782 4506 γὰρ’κινή·

212 4522 355 4586 σεὼς
390 4527 534 4598 ἐστιν
556 4527 584 4577 ὀ
618 4528 827 4597 χρόνος,
856 4526 1018 4580 ’Ὥστε
1042 4511 1186 4581 κατὰ
1218 4528 1317 4598 μὲν
1350 4528 1565 4597 πρῶτον
1600 4528 1780 4595 λόγον,

212 4615 272 4665 ἔν
303 4597 515 4684 κινήσει
552 4618 701 4669 ἐστὶν
744 4620 771 4670 ὀ
801 4618 989 4688 χρόνος
1010 4632 1024 4648 '
1058 4597 1244 4689 ἐπειδὴ
1272 4620 1368 4672 καὶ
1421 4620 1453 4688 ή
1486 4620 1700 4689 κίνησις
1726 4620 1783 4671 ὲν

208 4703 290 4772 τῷ
320 4709 627 4777 κινουμένῳ
659 4709 797 4771 ἐστὶ,
832 4709 925 4761 καὶ
962 4709 990 4759 6
1032 4698 1223 4778 χρόνος
1262 4711 1369 4780 ἄρα
1409 4710 1468 4761 ὲν
1495 4709 1572 4779 τῷ
1599 4726 1782 4762 κινου-

215 4794 363 4864 μένῳ
391 4797 508 4849 ἐστὶ
546 4796 633 4880 διὰ
685 4798 854 4868 μέσου
884 4800 983 4865 τῆς
1016 4802 1305 4869 κινήσεως,
1352 4799 1493 4852 ὥστε
1528 4800 1622 4852 καὶ
1652 4799 1784 4869 ἀλη-

210 4882 322 4946 θῶς
352 4884 500 4938 ἔστιν
533 4889 731 4953 εἰπεῖν,
766 4890 845 4941 ὃτι
880 4890 1127 4968 όῆχρόνος
1153 4892 1255 4944 οὐκ
1298 4893 1355 4944 ὲν
1376 4892 1552 4962 χρόνῳ
1588 4891 1772 4955 ἐστὶν,

215 4974 328 5026 ἀλλ’
360 4978 417 5028 ὲν
460 4979 696 5049 κινήσει,
728 4980 759 5049 ἢ
805 4983 861 5033 ἐν
895 4982 1219 5053 κινόυμένῳ,
1264 4983 1400 5035 ἀλλὰ
1432 4982 1647 5053 πρῶτος
1680 4982 1780 5051 μὲν

216 5068 280 5131 ὲν
326 5073 559 5139 κινήσει,
603 5070 853 5141 δεύτερος
894 5072 952 5125 δὲ
1008 5075 1065 5126 ὲν
1110 5075 1444 5150 κινουμένῳ,
1498 5074 1570 5137 ὼς
1626 5068 1780 5143 εἶ’ρή-

215 5173 328 5211 ται.

1880 4264 2010 4311 sunt
2046 4256 2100 4309 in
2135 4255 2436 4317 coloribus,
2468 4254 2563 4309 sed
2613 4254 2667 4307 in
2697 4239 3021 4322 corporibus
3044 4252 3340 4318 coloratis;
3370 4253 3454 4307 sie

1878 4356 1932 4403 et
1964 4358 2177 4417 tempus
2208 4360 2318 4400 non
2349 4355 2433 4400 est
2470 4346 2524 4399 iu
2543 4355 2808 4415 tempore.
2827 4346 2922 4399 sed
2953 4344 3200 4399 in-rebus
3222 4344 3453 4412 tempori

1880 4437 2181 4506 subjectis;
2213 4420 2333 4504 ques
2380 4434 2486 4487 alia
2513 4448 2621 4487 non
2661 4441 2814 4495 sunt,
2847 4446 3010 4501 quam
3040 4430 3287 4484 mobilia.
3316 4418 3452 4484 Nam

1881 4536 2097 4598 tempus
2132 4534 2218 4582 est
2251 4540 2512 4581 numerus
2544 4534 2744 4579 motus.
2774 4524 2963 4593 Itaque
3002 4521 3305 4577 secundum
3337 4523 3447 4591 pri-

1882 4622 2320 4683 mamratiouem
2353 4627 2569 4688 tempus
2589 4627 2671 4671 est
2702 4620 2757 4670 in
2790 4624 2978 4680 motu;
3006 4628 3245 4680 clumque
3276 4621 3454 4666 motus

1881 4715 1950 4768 sit
1981 4714 2036 4767 in
2069 4712 2278 4775 mobili,
2300 4711 2463 4769 etiam
2494 4710 2779 4780 tempusin
2800 4708 2988 4762 mobili
3013 4707 3119 4762 erit
3142 4708 3450 4760 interventu

1858 4802 2455 4874 'motueruapropter
2501 4818 2628 4857 vere
2657 4801 2864 4856 dicitur
2899 4818 2913 4854 :
2949 4807 3168 4868 tempus
3204 4814 3311 4852 non
3337 4814 3460 4852 esse

1865 4897 1934 4961 jn
1967 4906 2230 4966 tempore,
2259 4894 2353 4949 sed
2386 4894 2441 4949 iu
2475 4901 2649 4959 motu,
2699 4880 2782 4947 vel
2809 4892 2862 4946 iu
2890 4891 3101 4954 mobili,
3128 4890 3221 4946 sed
3259 4890 3456 4959 prima.

1885 4995 1967 5044 rio
2012 4988 2229 5057 quidem
2282 4987 2337 5041 in
2389 4974 2577 5052 motu;
2611 4984 2944 5057 secundario
3001 4990 3187 5039 autem
3234 4984 3459 5039 ἰιιριιιυρ
3556 5012 3559 5015 ι

1883 5081 2001 5135 bili.

1508 5299 1741 5355 VAIiI/E
1784 5253 2187 5355 LECTIONES.

287 5430 330 5462 ⁷⁸
368 5429 595 5486 Videtur
620 5434 735 5489 hzec
764 5450 865 5490 vox
898 5435 1201 5492 omittenda
1230 5434 1335 5492 hoc
1360 5436 1499 5492 loco.
1576 5438 1622 5469 ⁷⁷
1659 5436 1790 5491 fort.
1818 5439 1939 5509 leg;
1966 5438 2014 5489 εἰ
2038 5436 2094 5489 δὲ
2127 5437 2300 5490 ταῦτα
2335 5424 2558 5506 συνέϐη.

1714 5577 1949 5634 NOTAE.
1986 5577 1993 5584 ’

292 5663 399 5728 (673i
436 5666 597 5718 Notnt
651 5667 712 5721 Β.
766 5667 823 5722 Ρ.
882 5672 1150 5726 Antonius
1192 5671 1520 5727 Possevinus
1567 5675 1618 5727 in
1677 5690 1778 5730 suo

216 5733 491 5799 Apparuit:
524 5753 697 5802 rutro,
735 5750 948 5793 exstare
988 5743 1039 5794 in
1085 5743 1415 5797 hihiiolhecn
1473 5743 1773 5799 Viennensi

1886 5675 2222 5748 Opuseulum
2259 5676 2522 5748 Abucarm
2553 5676 2618 5731 de
2653 5684 2932 5748 tempore;
2963 5679 3062 5733 hoc
3098 5677 3242 5734 istud
3280 5678 3457 5743 ipsum

1885 5763 2027 5803 csse.
2056 5746 2241 5800 nullus
2268 5746 2481 5800 dubito.
